3392 5650
315 719 376 783 152
598 700 677 764 Tne
702 700 857 763 Iucnssr
882 696 1128 761 Mxnnscarrr.

315 881 470 955 vicarios,
498 886 537 944 vt
565 879 650 943 tilios
677 878 922 951 inobedientes,
950 882 1180 951 contumaces
1209 881 1243 939 et
1271 874 1423 949 rebelleS,

316 985 566 1049 monicionibus
592 983 717 1047 nostris
744 980 940 1046 huiusmodi
966 1001 1035 1044 non
1062 986 1221 1063 parentes
1248 980 1424 1043 exhabun·

317 1090 440 1154 danter
458 1094 492 1152 et
512 1087 556 1152 ad
580 1094 732 1151 vestram
756 1086 928 1150 maliciam
951 1084 1222 1149 convincendam
1246 1103 1426 1148 monemus

145 1206 200 1252 anu
215 1219 260 1278 are
317 1192 527 1256 coniunctim
568 1199 601 1255 et
643 1191 781 1254 diuisim
823 1191 933 1273 primo
974 1188 1124 1253 secundo
1164 1195 1198 1253 et
1240 1188 1345 1253 tercio
1386 1208 1426 1251 ac

111 1271 302 1319 ²‘¹¹¹¹⁰¹¹¹⁸¹¹⁰‘¹'
318 1297 521 1381 peremtorie
539 1304 574 1360 et
593 1296 627 1360 in
646 1296 776 1359 virtute
794 1301 912 1358 sancte
931 1294 1134 1369 obedientie,
1154 1294 1319 1377 quatinus
1337 1292 1427 1357 inira

318 1408 397 1466 octo
422 1401 554 1465 dierum
580 1401 745 1484 spacium,
772 1419 919 1483 quorum
945 1399 1031 1463 duos
1056 1420 1118 1483 pro
1144 1400 1255 1483 primo
1280 1405 1314 1462 et
1340 1398 1427 1462 duos

319 1526 380 1590 pro
395 1505 544 1570 secundo
558 1511 593 1568 et
608 1504 781 1568 residuum
796 1504 960 1586 temporis
975 1524 1036 1587 pro
1052 1504 1157 1568 tercio
1172 1510 1206 1568 et
1221 1501 1428 1588 peremtorio

320 1610 476 1683 termin0,
528 1609 693 1672 canonica
744 1608 935 1672 monicione
986 1608 1160 1691 premissa,
1213 1608 1427 1697 assignamus

318 1712 482 1798 quatinus
515 1713 603 1776 inira
636 1718 772 1796 tempus
804 1712 1042 1796 supradictum
1074 1733 1136 1797 pro
1168 1710 1429 1776 cohabitacione

321 1824 437 1882 vestra
458 1838 537 1881 cum
558 1816 658 1900 socijs
679 1817 802 1880 vestris
823 1816 858 1880 in
879 1837 997 1880 mensa
1018 1825 1053 1881 et
1074 1818 1108 1881 in
1130 1817 1303 1882 communi
1324 1815 1429 1881 modo

320 1930 354 1986 et
380 1923 491 1986 forma
514 1921 720 2006 supradictis
747 1920 958 2005 prouideatis
982 1927 1016 1985 et
1040 1922 1204 1986 ordinetis
1231 1921 1367 1986 realiter
1394 1926 1428 1984 et

319 2026 543 2111 personaliter
561 2046 639 2089 cum
658 2026 781 2089 effectu
800 2027 864 2090 sub
888 2026 984 2108 penis
1009 2025 1244 2110 infrascriptis
1269 2023 1429 2089 videlicet

319 2130 415 2214 quod
444 2130 472 2192 si
501 2130 665 2213 premissa
694 2129 809 2192 omnia
838 2136 872 2193 et
901 2130 1035 2214 singula
1063 2151 1131 2194 non
1161 2129 1430 2213 adimpleueritis

319 2255 378 2297 seu
421 2232 624 2297 distuleritis
666 2234 916 2298 contumaciter
958 2235 1143 2318 adimplere
1185 2256 1263 2300 cum
1305 2235 1431 2299 effectu

320 2359 454 2402 exnunc
472 2358 534 2421 pro
554 2343 681 2400 extunc
698 2343 732 2399 et
749 2331 877 2402 extunc
892 2346 995 2423 prout
1013 2360 1148 2404 exnunc
1164 2340 1198 2404 in
1215 2360 1277 2403 vos
1294 2339 1431 2422 Joh’em

177 2458 231 2505 and
320 2444 397 2526 Ely,
424 2442 536 2506 Ric'm
564 2442 713 2516 Morton,
739 2441 876 2524 Joh'em
901 2442 1074 2526 wanton
1099 2449 1133 2507 et
1157 2443 1373 2528 singulariter
1397 2442 1432 2506 in

123 2523 286 2638 ‘hsffifed
319 2548 481 2632 singulm,
507 2546 663 2629 predicta
687 2535 852 2610 canonica
876 2547 1066 2611 monicione
1090 2548 1265 2630 premissa,
1291 2567 1432 2631 suspen-

119 2657 291 2720 suspensr0n‚
318 2652 424 2716 cionis
455 2651 665 2715 sentenciam
697 2652 741 2715 ab
772 2651 925 2736 ingressu
956 2650 1092 2716 ecclesie
1124 2653 1263 2717 ferimus
1294 2652 1329 2716 in
1360 2651 1429 2734 hijs

319 2755 464 2841 scriptis
513 2756 558 2819 Et
587 2755 615 2818 si
644 2755 839 2819 huiusmodi
868 2756 1100 2840 suspencionis
1129 2757 1339 2821 sentenciam
1367 2775 1428 2841 per

320 2861 405 2925 alios
434 2867 513 2925 octo
542 2860 614 2923 dies
643 2861 795 2943 prelatos
824 2867 903 2924 octo
932 2861 1003 2925 dies
1032 2862 1218 2926 inmediate
1246 2867 1429 2946 sequentes

319 2965 561 3039 sustinueritis,
596 2985 658 3028 vos
690 2971 725 3028 et
758 2971 912 3028 vestrum
945 2966 1095 3051 singulos
1127 2967 1162 3030 in
1195 2966 1261 3050 hijs
1294 2966 1430 3049 scriptis

319 3068 559 3152 suspendimus
598 3090 618 3131 a
656 3068 791 3132 diuinis¹
840 3070 887 3132 Et
925 3069 953 3133 si
991 3071 1143 3154 prelatas
1182 3069 1355 3135 interdicti
1394 3075 1429 3133 et

320 3172 553 3256 suspencionis
578 3173 767 3236 sententias
793 3193 854 3256 per
879 3174 963 3237 alios
988 3181 1067 3239 octo
1093 3175 1164 3238 dies
1190 3175 1342 3258 prefatos
1367 3174 1426 3257 xvj

321 3277 392 3340 dies
412 3275 597 3339 inmediate
617 3283 798 3361 sequentes
818 3278 944 3353 anim0,
965 3279 1058 3362 quod
1078 3279 1179 3355 absit,
1199 3278 1430 3343 sustinueritis

321 3380 494 3456 indurato,
518 3401 653 3445 exnunc
674 3402 736 3465 pro
758 3389 886 3446 extunc
922 3387 956 3446 et
987 3391 1115 3447 extunc
1147 3390 1250 3467 prout
1283 3404 1429 3458 exnunc,

322 3485 477 3569 predicta
495 3486 660 3549 canonica
678 3486 869 3551 monicione
887 3489 1062 3571 premissa,
1082 3510 1144 3552 vos
1163 3489 1299 3572 Joh'em
1319 3487 1431 3551 Ric'm

119 3603 174 3652 and
189 3617 297 3678 excom·
324 3595 358 3652 et
377 3589 514 3672 Joh’em
532 3590 747 3673 supradictos
766 3598 800 3654 et
818 3598 972 3656 vestrum
990 3593 1140 3677 singulos
1159 3593 1193 3656 in
1211 3592 1278 3676 hijs
1295 3591 1431 3675 scriptis

126 3673 298 3784 mqprbegltlioii
324 3696 498 3759 sentencia
513 3696 879 3760 excommunicacionis
893 3697 1109 3772 innodamus
1124 3697 1220 3782 penis
1235 3697 1277 3761 al’
1294 3695 1431 3760 inflictis

140 3803 279 3866 renelnng.
325 3805 446 3863 contra
465 3807 685 3864 contumaces
705 3806 739 3864 et
759 3800 898 3865 rebelles
918 3801 953 3865 in
973 3802 1037 3865 hac
1056 3801 1296 3865 nichilominus
1315 3801 1349 3864 in
1369 3820 1431 3864 suo

325 3905 445 3968 robore
482 3905 667 3980 duraturis,
705 3927 784 3969 cum
821 3912 993 3969 crescente
1030 3907 1248 3970 contumacia
1285 3924 1432 3970 crescere

324 3998 442 4073 debiat
475 4015 510 4073 et
543 4030 641 4093 pena,
674 4010 773 4074 iuxta
803 4010 919 4074 ciuiles
950 4017 984 4075 et
1015 4012 1196 4076 canonicas
1226 4010 1430 4075 sanctiones

326 4114 431 4177 Facte
449 4119 483 4176 et
500 4114 586 4177 lecte
603 4120 701 4178 erant
718 4115 936 4190 monicioneS,
955 4115 1195 4191 iniunccioneS,
1215 4122 1249 4180 et
1266 4114 1432 4180 sentenci-

325 4237 423 4281 arum
442 4217 653 4301 prolaciones
671 4218 902 4303 suprascripte
921 4220 955 4283 in
974 4220 1078 4284 domo
1096 4220 1277 4305 capitulari
1296 4219 1434 4284 ecclesie

325 4321 502 4406 collegiate
541 4322 677 4406 Rypon’
716 4344 776 4407 per
812 4324 1042 4389 venerabilem
1080 4326 1192 4390 virum
1230 4326 1433 4411 Magistrum

325 4426 438 4490 Adam
455 4426 497 4490 de
515 4427 713 4503 Fenrother,
731 4429 935 4493 canonicum
953 4435 987 4492 et
1004 4429 1279 4495 residenciarium
1296 4429 1433 4495 ecclesie

326 4529 475 4614 Rypon',
507 4530 581 4593 vice
612 4536 646 4594 et
677 4533 885 4597 auctoritate
916 4532 1075 4616 Capituli,
1107 4534 1190 4618 xviij
1224 4534 1278 4598 die
1308 4533 1434 4598 mensis

326 4634 546 4719 Septembris
571 4635 673 4699 Anno
700 4636 780 4701 D’ni
808 4637 950 4702 Mill'mo
978 4652 1095 4702 ccccm⁰
1118 4637 1190 4722 viij,
1219 4639 1434 4723 presentibus

325 4738 540 4809 Will’mode
563 4739 688 4803 Cawod
711 4747 745 4804 et
768 4741 850 4806 d’no
873 4743 974 4825 Joh'e
997 4743 1039 4807 de
1062 4743 1167 4819 Dene,
1192 4744 1374 4820 canonicis,
1399 4750 1434 4808 et

326 4845 415 4910 d'nis
434 4845 535 4930 Joh'e
555 4845 692 4911 Rednes
711 4852 746 4911 et
765 4846 867 4931 Joh’e
886 4847 1001 4912 Thom
1021 4847 1221 4934 Capellanis
