3392 5650
404 705 467 771 274
689 689 767 753 Tua
793 689 949 754 Iucrrnv
974 687 1221 753 Manuscnrer.

405 874 655 952 procuratores
688 875 830 943 actores
865 868 1022 942 factores
1057 887 1096 931 ac
1128 866 1346 951 negociorum
1377 887 1519 932 suorum

409 973 462 1058 (9⁶
482 974 526 1054 v.)
567 972 863 1056 infrascriptorum
907 979 1059 1057 gestores
1096 979 1130 1037 et
1174 973 1317 1037 nuncios
1355 972 1519 1057 speciales

409 1076 594 1152 ordinauit,
621 1076 712 1151 iecit,
740 1077 932 1152 constituit,
960 1085 994 1141 et
1021 1077 1241 1161 solempniter
1266 1078 1396 1143 creauit
1423 1076 1518 1161 apud

412 1187 501 1256 acta,
533 1181 696 1265 deditque
724 1189 758 1245 et
790 1182 956 1246 concessit
987 1182 1142 1266 prefatus
1172 1182 1386 1246 constituens
1417 1181 1519 1246 dictis

196 1280 264 1329 Two
273 1283 398 1344 proetors
412 1286 691 1370 procuratoribus
713 1286 783 1350 suis
804 1287 1015 1351 coniunctim
1037 1292 1247 1371 potestatem
1270 1286 1461 1371 generalem
1483 1292 1519 1350 et

206 1352 238 1397 to
249 1348 391 1410 represent
496 1391 501 1401 ,
1244 1390 1250 1402 ,

245 1414 302 1462 him
318 1414 345 1461 in
413 1391 593 1474 specialem
621 1411 661 1454 ac
687 1390 892 1455 mandatum
919 1392 1074 1475 generale
1101 1398 1135 1455 et
1162 1391 1307 1474 speciale
1333 1410 1457 1475 prose
1484 1397 1519 1455 et

216 1480 337 1543 Chapter
350 1481 377 1528 in

207 1548 250 1596 his
263 1547 388 1597 absence.
413 1495 550 1559 nomine
576 1515 638 1560 suo
665 1516 704 1558 ac
730 1495 901 1579 prebende
928 1516 987 1559 sue
1013 1496 1165 1579 predicte
1191 1515 1306 1590 coram
1332 1496 1520 1560 venerabili

413 1598 572 1684 Capitulo
596 1600 686 1664 Eccl.
710 1599 791 1664 Coll.
814 1600 951 1684 Ripon',
972 1601 1282 1684 quocienscumque
1301 1621 1388 1684 opus
1404 1600 1519 1675 fuerit,

412 1710 446 1767 et
469 1704 582 1789 ipsum
603 1704 871 1769 constituentem
894 1705 1011 1768 abesse
1031 1705 1223 1790 contigerit,
1244 1704 1465 1788 comparendi
1484 1711 1519 1769 et

412 1808 645 1885 interessendi,
670 1810 886 1894 eundemque
909 1816 944 1873 et
968 1809 1039 1873 eius
1063 1810 1136 1873 iura
1160 1810 1195 1873 in
1218 1810 1378 1873 omnibus
1401 1815 1436 1873 et
1460 1829 1522 1893 per

310 1997 312 2002 Ι
412 1914 527 1978 omnia
553 1914 769 1990 defendendi,
797 1934 929 1978 necnon
955 1914 1243 1989 communicandi,
1271 1914 1455 1989 tractandi,
1484 1924 1520 1977 et

411 2018 609 2082 consulendi
640 2039 679 2082 ac
709 2018 817 2082 eciam
846 2018 1095 2093 consenciendi,
1127 2039 1195 2083 una
1225 2039 1303 2083 cum
1333 2018 1521 2083 venerabili

412 2121 571 2206 Capitulo
583 2122 769 2198 antedict0,
783 2122 824 2186 de
837 2129 872 2186 et
884 2123 918 2187 in
931 2123 1091 2187 omnibus
1102 2130 1137 2187 et
1148 2123 1288 2208 singulis
1300 2123 1344 2187 ad
1355 2124 1521 2187 honorem

412 2226 475 2291 Dei
495 2248 534 2291 ac
552 2233 684 2291 statum
702 2233 737 2290 et
755 2227 944 2291 vtilitatem
962 2227 1114 2291 eiusdem
1133 2227 1282 2292 Ecclesie
1300 2228 1468 2292 habendis
1486 2234 1521 2292 et

412 2331 610 2396 ordinandis
625 2337 659 2394 et
675 2332 880 2406 statuendis,
898 2352 937 2395 ac
952 2331 1060 2394 eciam
1077 2330 1121 2394 ad
1136 2330 1300 2395 vicariam
1316 2339 1522 2415 perpetuam

412 2436 455 2510 de
478 2436 639 2519 Stodeley
663 2437 697 2501 in
722 2437 851 2500 Eccl'ia
874 2436 955 2501 Coll.
981 2435 1135 2519 predicta
1160 2435 1204 2499 ad
1228 2436 1522 2520 presentacionem

412 2540 564 2604 eiusdem
595 2540 812 2624 Prebendarij
846 2540 1157 2625 quocienscumque
1187 2560 1310 2604 vacare
1340 2541 1522 2625 contigerit

412 2650 638 2728 spectantem,
691 2644 913 2728 Capellanum
964 2644 1138 2727 ydoneum
1190 2644 1283 2709 dicto
1334 2646 1520 2709 venerabili

413 2749 572 2834 Capitulo
600 2749 738 2813 nomine
766 2769 828 2813 suo
857 2749 1088 2833 presentandi,
1118 2769 1250 2814 necnon
1279 2770 1522 2835 quamcunque

413 2854 603 2919 cantariam
620 2854 654 2917 in
671 2854 764 2919 dicta
781 2854 859 2918 eccl.
879 2854 959 2918 Coll.
978 2854 1206 2938 quouismodo
1222 2861 1405 2919 vacantem
1422 2855 1523 2920 alicui

414 2957 597 3043 Capellano
616 2959 751 3042 ydoneo
768 2959 908 3022 alternis
924 2958 1056 3023 vicibus
1072 2958 1136 3021 sibi
1156 2959 1365 3042 competenti
1385 2960 1523 3024 nomine

413 3084 475 3128 suo
503 3063 709 3138 conterendi,
740 3069 807 3139 etc„
837 3084 916 3128 cum
945 3062 1104 3126 omnibus
1132 3067 1166 3125 et
1195 3062 1335 3146 singulis
1363 3063 1523 3127 clausulis

413 3169 613 3252 necessariis
631 3175 665 3232 et
685 3169 875 3252 oportunis.

504 3350 592 3433 (359)
618 3348 869 3413 Courmuacro
893 3348 1187 3413 Convocacroms
1211 3365 1260 3411 ao
1284 3364 1417 3412 mones.

209 3517 398 3580 prorogatun.
503 3503 717 3567 Presidentes
747 3502 890 3586 capituli
924 3502 1171 3566 continuarunt
1205 3505 1251 3585 (et
1283 3508 1521 3586 prorogarunt,

415 3609 558 3691 Chapter
578 3608 668 3682 Acts,
691 3605 766 3688 260)
791 3606 986 3671 huiusmodi
1015 3605 1307 3671 Conuocacionem
1330 3607 1522 3691 generalem

413 3732 521 3797 vsque
543 3711 575 3795 (8
595 3732 674 3776 am.
693 3731 736 3774 on
758 3711 816 3774 the
836 3730 992 3786 morrOW‚
1014 3716 1081 3785 etc,
1102 3730 1140 3774 as
1158 3709 1196 3773 in
1217 3710 1358 3794 chapter
1377 3710 1465 3786 Acts
1486 3716 1520 3794 p.

413 3816 488 3892 260,
508 3815 585 3880 with
601 3814 698 3898 slight
714 3814 822 3879 verbal
837 3813 1052 3896 differences).

536 3995 804 4058 Aucuunracro
828 4010 937 4058 FEODI
962 3991 1202 4072 conmssnnJ
1229 3992 1409 4061 Carnum.

217 4134 276 4250 the
290 4135 336 4249 {ee
352 4136 382 4184 οἵ
503 4136 591 4201 Item
608 4141 781 4200 statutum
798 4140 849 4198 est
866 4135 901 4198 in
917 4134 1066 4218 presenti
1086 4132 1342 4199 Conuocacione
1361 4136 1519 4220 generali,

198 4216 401 4332 missearyot'gbe
414 4241 508 4326 quod
557 4241 599 4304 de
650 4245 763 4304 cetero
812 4240 1066 4324 imperpetuum
1112 4237 1371 4303 Commissarius
1405 4246 1523 4304 noster

205 4336 389 4452 Zssseefcffaff
413 4344 578 4429 generalis
613 4363 675 4427 pro
711 4351 865 4428 tempore
901 4343 1061 4407 existenti
1097 4342 1237 4426 recipiet
1274 4343 1360 4407 duos
1395 4344 1521 4410 solidos

234 4469 355 4518 mission.
412 4449 528 4533 legalis
563 4453 700 4511 monete
733 4447 854 4532 Anglie
890 4467 952 4530 pro
986 4447 1161 4511 laboribus
1194 4447 1274 4522 suis,
1307 4446 1350 4511 de
1380 4448 1525 4534 singulis*

413 4551 662 4636 Prebendarijs,
686 4551 900 4627 Cantaristis,
923 4559 958 4616 et
980 4550 1126 4634 Vicarijs
1147 4551 1181 4615 in
1203 4550 1322 4635 primis
1344 4552 1521 4618 admissio-

410 4659 511 4722 nibus
551 4657 621 4721 suis
662 4656 706 4719 ad
747 4655 899 4740 aliquam
941 4656 1166 4732 Prebendam,
1209 4655 1418 4733 Cantariam,
1460 4679 1521 4725 seu

408 4763 579 4830 Vicariam
598 4761 632 4825 in
652 4761 744 4827 dicta
764 4761 916 4826 Ecclesia
933 4767 1052 4828 nostra
1070 4760 1267 4848 Collegiata.
