3392 5650
412 682 454 765 98
700 685 778 749 Tne
804 684 960 750 lumbar
985 685 1231 751 Manuscmpr.

411 862 507 926 dedit
535 864 599 928 eid.
630 864 708 929 eccl.
738 865 780 928 de
808 865 977 929 Fontibus
1005 886 1072 949 que
1099 870 1179 929 sunt
1209 866 1253 929 ad
1281 866 1412 929 exitum
1440 865 1519 928 ville

412 988 530 1031 versus
551 959 732 1044 Mellesart‚
754 990 821 1053 que
842 970 933 1033 totta
953 971 1131 1034 continent
1153 970 1187 1035 in
1208 990 1243 1033 se
1263 970 1349 1034 duas
1369 990 1466 1034 acras
1486 976 1520 1033 et

411 1071 600 1148 dimidiam,
626 1094 688 1156 pro
710 1075 837 1158 quibus
861 1074 939 1138 eccl.
965 1074 1008 1137 de
1033 1074 1157 1158 Ripon’
1183 1075 1346 1157 percipiet
1371 1075 1520 1138 decimas

412 1177 504 1241 bladi
525 1184 559 1241 et
580 1178 758 1262 leguminis
778 1180 821 1243 de
838 1179 974 1242 duabus
991 1179 1077 1242 acris
1094 1185 1128 1242 et
1145 1179 1299 1253 dimidia,
1320 1200 1387 1263 que
1407 1180 1519 1243 iacent

411 1282 570 1365 contigue
581 1304 704 1366 campo
714 1283 756 1346 de
766 1283 978 1366 Wynkeslay
988 1284 1111 1347 subtus
1121 1284 1214 1347 viam
1225 1304 1292 1367 que
1303 1284 1521 1366 protenditur

412 1388 456 1450 ab
489 1387 608 1451 eadem
642 1387 723 1451 villa
756 1408 865 1472 vsque
898 1386 1076 1471 Galghagh
1110 1408 1228 1451 versus
1261 1388 1427 1452 orientem
1461 1408 1522 1470 per

411 1491 539 1555 diuisas
577 1492 704 1555 ibidem
742 1493 883 1576 positas.
932 1493 977 1555 Et
1017 1492 1044 1554 si
1084 1492 1171 1555 forte
1209 1493 1388 1577 contingat
1427 1492 1521 1577 quod

411 1596 540 1660 toftum
561 1596 655 1680 quod
676 1596 834 1660 monaehi
857 1597 899 1660 de
920 1596 1050 1680 Jeruall
1071 1598 1200 1661 habent
1223 1597 1257 1661 in
1279 1598 1353 1662 ead.
1376 1597 1458 1661 villa
1479 1597 1522 1660 de

410 1700 572 1784 Winxlay
604 1701 790 1785 aliquando
822 1702 940 1765 veniat
972 1701 1007 1765 in
1039 1721 1120 1765 vsus
1153 1702 1231 1765 eccl.
1266 1702 1308 1765 de
1341 1702 1520 1776 Fontibus,

411 1807 489 1870 eccl.
523 1806 565 1869 de
597 1806 721 1889 Ripon’
754 1806 918 1890 percipiet
950 1805 1119 1870 decimam
1151 1806 1244 1869 bladi
1276 1812 1310 1871 et
1341 1806 1521 1891 leguminis

411 1911 630 1975 tantumdem
658 1917 746 1974 terre
772 1910 871 1974 iuxta
898 1917 1025 1974 terram
1052 1910 1144 1973 vnde
1170 1931 1274 1994 supra
1302 1910 1412 1974 eidem
1440 1911 1519 1975 eccl.

411 2016 453 2079 de
483 2015 597 2100 Ripon
627 2035 786 2079 concessa
816 2021 867 2078 est
897 2014 1030 2079 decima
1059 2015 1114 2078 vel
1144 2015 1186 2078 de
1216 2015 1353 2079 essartis
1383 2016 1417 2079 in
1447 2015 1521 2079 loco

410 2120 618 2203 conpetenti.
667 2119 850 2183 Sciendum
875 2125 992 2184 autem
1016 2119 1110 2203 quod
1134 2119 1161 2182 si
1186 2120 1338 2202 predicte
1362 2120 1521 2184 vndecim

410 2245 486 2288 acre
514 2224 604 2307 prati
631 2224 684 2287 vel
713 2224 828 2307 aliqua
856 2244 935 2306 pars
963 2243 1080 2287 earum
1108 2224 1294 2307 aliquando
1322 2224 1521 2309 redigantur

410 2329 444 2393 in
466 2329 649 2404 culturam,
673 2329 750 2393 eccl.
775 2329 817 2392 de
840 2328 954 2411 Ripon
977 2329 1141 2411 percipiet
1163 2329 1205 2392 de
1228 2328 1275 2392 eis
1296 2329 1382 2392 duas
1404 2335 1519 2413 partes

410 2434 540 2498 decime
556 2434 649 2497 bladi
667 2440 700 2497 et
717 2433 907 2517 leguminis,
926 2439 959 2496 et
977 2433 1117 2497 ecclesia
1133 2433 1176 2496 de
1192 2433 1361 2498 Fontibus
1378 2434 1519 2498 terciam

410 2544 544 2621 partem
568 2538 719 2602 eiusdem
743 2538 883 2601 decime.
931 2538 977 2601 Vt
1002 2543 1119 2601 autem
1143 2538 1204 2601 hec
1228 2538 1420 2622 conpositio
1443 2545 1520 2602 rata

409 2643 453 2707 sit
487 2648 520 2706 et
554 2642 696 2716 stabilis,
727 2642 838 2706 vtrius
870 2641 1019 2725 Capituli
1043 2642 1152 2725 sigillo
1176 2643 1367 2707 roboratur.
1416 2643 1460 2707 H.
1492 2649 1517 2707 t.
1558 2656 1564 2667 ·

408 2747 544 2832 Mag’ris
560 2747 673 2810 Adam
692 2747 734 2811 de
755 2746 944 2830 Melsanby,
962 2745 1068 2809 Galfr.
1087 2746 1129 2810 de
1150 2746 1287 2822 Larder,
1305 2746 1455 2811 Will'mo
1474 2748 1517 2811 de

405 2852 549 2928 Orliens‚
584 2852 763 2916 Canonicis
797 2852 839 2915 de
875 2851 1012 2934 Ripon’,
1048 2851 1184 2935 Joh'ne,
1221 2852 1343 2927 Rob’0,
1379 2852 1514 2935 Joh’ne‚

406 2957 608 3041 Capellanis,
642 2963 675 3021 et
708 2957 843 3020 vicariis
877 2956 1028 3020 eiusdem
1061 2956 1208 3030 ecclesie,
1243 2955 1366 3020 Nich'o
1398 2956 1514 3033 Ward‚

407 3060 530 3125 Nich'o
548 3062 591 3126 de
610 3061 754 3143 Hewyk,
775 3067 809 3124 et
829 3061 959 3124 ceteris.

406 3262 454 3330 47.
502 3252 589 3336 (161)
630 3253 740 3318 Corra
760 3270 986 3318 rasmuanrr
1009 3253 1085 3317 o’lu
1106 3252 1261 3318 Wnr’m
1284 3271 1331 3317 oa
1352 3253 1515 3328 DALrou,

452 3357 640 3423 Cauourcr.

232 3507 360 3625 Ιηᾟζζό,
498 3514 538 3577 In
577 3513 641 3577 Dei
679 3514 827 3589 nomine,
868 3514 987 3578 Amen.
1036 3514 1110 3598 Ego
1148 3513 1256 3578 Will’s
1295 3514 1337 3577 de
1376 3513 1516 3589 Dalton‚

300 3682 309 3694 ,
410 3618 537 3682 Rector
556 3619 693 3682 ecclesie
713 3619 755 3682 de
777 3618 954 3702 Hoghton,
976 3618 1136 3683 Dunelm.
1158 3619 1244 3682 dioc.
1267 3639 1307 3682 ac
1327 3618 1517 3683 Canonicus

409 3723 626 3787 ecclesiarum
650 3724 752 3786 Ebor.
779 3729 813 3786 et
839 3723 964 3805 Ripon,
990 3724 1079 3787 bone
1103 3729 1136 3786 et
1161 3743 1242 3786 sane
1266 3723 1437 3797 memorie,
1463 3723 1518 3788 die

410 3828 505 3891 Lune
539 3827 573 3890 in
609 3827 700 3911 vigil.
741 3826 947 3891 Natiuitatis
986 3827 1079 3891 beati
1119 3826 1229 3909 Joh'is
1265 3827 1380 3911 Bapt,
1417 3827 1518 3892 Anno

196 3916 260 4032 {⁰31¹
279 3917 395 4032 ffiffii
409 3932 548 3996 Domini
578 3931 694 3994 Mill’io
719 3946 817 3995 cecm0
842 3931 1101 4015 septuagesimo
1127 3931 1248 4014 prim0,
1276 3932 1386 3995 condo
1412 3936 1516 3996 testa-

196 4021 251 4105 ss..
262 4020 346 4128 'body
366 4056 396 4100 to
409 4041 565 4101 mentum
581 4056 696 4099 meum
712 4036 746 4098 in
763 4037 855 4099 hunc
871 4036 1022 4100 modum.
1072 4037 1112 4099 In
1129 4037 1257 4119 primis,
1274 4035 1348 4120 lego
1365 4036 1517 4100 animam

221 4118 366 4233 ῗξὴξξζζᾟ
409 4161 521 4205 meam
546 4140 619 4203 Deo
639 4146 673 4203 et
693 4141 794 4203 beate
814 4140 919 4203 Marie
939 4146 973 4203 et
993 4141 1152 4204 omnibus
1173 4141 1317 4215 Sanctis,
1340 4147 1374 4203 et
1393 4160 1517 4224 corpus

226 4253 363 4302 Godwill.
408 4266 523 4309 meum
536 4245 580 4308 ad
592 4244 824 4327 sepeliendum
836 4245 1032 4328 Vbicunque
1045 4245 1137 4309 Deus
1150 4245 1365 4328 disposuerit.
1415 4246 1514 4321 Item,

194 4345 235 4393 To
250 4344 394 4460 clilaplains
408 4350 452 4413 do
474 4356 508 4413 et
530 4348 604 4433 lego
625 4349 816 4431 Capellanis
837 4349 956 4413 diuina
977 4369 1039 4433 pro
1061 4350 1176 4413 anima
1198 4370 1274 4413 mea
1295 4350 1516 4415 celebraturis

194 4416 394 4543 Jffiguegfftssss
406 4454 441 4518 in
472 4454 610 4517 ecclesia
640 4453 682 4516 de
713 4453 878 4538 Hoghton
909 4454 1107 4536 supradicta
1137 4475 1199 4537 pro
1228 4455 1344 4518 anima
1373 4475 1451 4519 mea
1481 4462 1515 4519 et

217 4547 363 4610 ¹0·5Pfi¹¹g·
406 4558 514 4641 patris
543 4558 620 4633 mei,
650 4558 771 4621 matris
799 4578 883 4632 mee,
914 4558 1072 4633 fratrum,
1102 4579 1266 4634 sororum,
1297 4565 1331 4623 et
1360 4559 1515 4624 omnium

406 4662 558 4726 fidelium
588 4663 840 4738 defunctorum,
874 4662 908 4726 lx
939 4663 972 4727 li.
1022 4663 1111 4727 Item
1142 4663 1187 4726 do
1217 4664 1292 4748 lego
1323 4662 1514 4746 Capellanis

405 4767 523 4832 diuina
565 4767 785 4831 celebraturis
828 4767 955 4831 ibidem
998 4788 1060 4850 pro
1103 4768 1283 4832 animabus
1325 4768 1429 4832 Will’i
1471 4769 1514 4833 de
