3392 5650
574 704 668 767 Acrs
691 720 737 766 or
759 701 939 766 Cuxrrax.
1249 718 1310 766 201

204 883 278 965 ipsa
312 881 468 946 cantaria
502 887 537 944 et
572 880 641 944 suis
676 879 904 964 occupacione
939 886 974 943 et
1008 879 1218 963 possessione
1253 899 1313 962 per

203 986 394 1069 capitulum
410 985 555 1069 Riponie
570 984 743 1048 antedicte
758 984 943 1048 summarie
958 990 993 1047 et
1007 983 1049 1048 de
1064 982 1167 1067 plano
1183 984 1311 1067 absque

203 1089 343 1173 stripitu
373 1088 499 1172 Judicij
533 1094 568 1152 et
597 1088 706 1172 figura
735 1088 890 1152 totaliter
920 1087 1119 1171 expellatur.
1169 1088 1313 1170 Insuper
1360 1093 1383 1139 A
1398 1095 1494 1168 yearly

203 1193 362 1258 volumus
401 1199 435 1257 ct
475 1192 673 1257 ordinamus
711 1192 805 1275 quod
844 1191 989 1276 quilibet
1029 1190 1119 1255 dicte
1158 1191 1311 1254 cantarie
1360 1159 1430 1289 J⁰b¹t
1443 1176 1486 1276 ⁰¹¹,

203 1297 399 1380 capellanus
418 1298 477 1382 qui
497 1317 559 1380 pro
579 1302 732 1379 tempore
752 1296 856 1360 fuerit
876 1296 981 1359 faciat
1001 1296 1135 1359 obitum
1155 1294 1311 1359 anniuer-

203 1402 331 1466 sarium
362 1402 617 1485 imperpetuum
649 1400 811 1465 vicesimo
844 1400 949 1464 tercio
981 1399 1035 1464 die
1067 1399 1193 1463 mensis
1225 1398 1308 1482 Julij

203 1526 281 1569 cum
313 1505 467 1589 exequijs
498 1506 533 1568 in
561 1524 700 1588 vespere
727 1504 941 1588 precedente,
971 1504 1035 1567 nisi
1066 1504 1245 1587 contingat
1277 1503 1311 1566 in

203 1610 385 1685 dominica,
405 1613 489 1673 tunc
505 1609 560 1673 die
577 1609 775 1672 immediate
792 1607 995 1691 precedente
1011 1607 1066 1672 vel
1082 1609 1312 1691 subsequente

203 1714 264 1777 fiat
287 1714 402 1777 obitus
424 1712 621 1778 antedictus
644 1733 706 1796 pro
729 1713 910 1776 animabus
933 1713 1079 1776 fratrum
1102 1718 1136 1775 et
1158 1732 1312 1776 sororum

203 1818 530 1902 benefactorumque
562 1817 790 1881 fraternitatis
817 1816 970 1901 predicte
993 1822 1029 1880 et
1053 1816 1207 1880 omnium
1231 1816 1312 1879 fide·

202 1922 287 1986 lium
316 1921 557 1986 defunctorum
587 1921 684 1984 annis
708 1920 849 2006 singulis
878 1920 1013 1995 futuris,
1038 1920 1202 1983 ministris
1231 1920 1310 1984 eccl.

203 2026 277 2090 coll.
310 2026 506 2109 supradicte
537 2025 691 2108 exequijs
723 2024 823 2088 huius
855 2024 969 2088 obitus
1000 2024 1223 2107 personaliter
1253 2024 1312 2107 qui

203 2129 362 2193 intersint
378 2129 442 2193 nisi
458 2135 612 2193 cessante
627 2150 731 2192 causa
746 2129 900 2214 legitima
915 2134 949 2192 et
965 2149 1033 2191 non
1050 2127 1136 2211 alijs,
1153 2127 1312 2192 videlicet
1327 2126 1528 2240 Paymentsdto

202 2255 261 2297 sex
280 2233 418 2316 vicariis
437 2234 523 2298 duos
542 2232 677 2308 solidos
698 2254 757 2296 sex
777 2233 929 2297 diaconis
948 2232 994 2315 xij
1017 2232 1184 2308 denarios,
1205 2232 1312 2296 thuri·
1344 2207 1484 2316 agapas?

203 2338 346 2421 bularijs
369 2344 403 2401 et
425 2338 583 2402 choristis
605 2336 787 2401 duodecim
810 2336 977 2412 denarios
1001 2337 1141 2401 sacriste
1163 2343 1314 2420 quatuor

204 2442 371 2518 denarios,
402 2448 436 2505 et
465 2442 686 2525 campanario
714 2462 775 2525 per
802 2441 922 2505 villam
952 2441 1077 2524 Ripon'
1107 2462 1314 2524 campanam

203 2546 357 2630 portanti
388 2552 423 2609 et
454 2545 564 2609 dictas
595 2546 757 2629 exequias
787 2545 1015 2629 proclamanti
1047 2543 1132 2609 duos
1158 2544 1314 2610 denarios

203 2650 344 2732 sterling
389 2650 630 2734 premissorum
682 2650 859 2714 occasione
923 2649 965 2713 de
1021 2651 1124 2713 bursa
1175 2650 1313 2734 propria

205 2753 368 2839 persoluit
393 2754 450 2817 illo
474 2754 528 2818 die
553 2754 775 2838 exequiarum
799 2754 945 2817 fideliter
968 2755 1097 2838 absque
1121 2774 1226 2818 mora.
1265 2755 1313 2817 Et

205 2860 298 2943 quod
329 2860 420 2923 dicte
451 2859 603 2923 cantarie
633 2858 811 2942 capellano
841 2859 902 2941 qui
932 2879 995 2942 pro
1026 2865 1179 2942 tempore
1211 2859 1313 2922 fuerit

205 2964 357 3027 inueniet
381 2968 416 3027 et
439 2969 611 3026 sustentet
636 2962 891 3046 imperpetuum
915 2963 1091 3047 quoddam
1115 2963 1230 3026 lumen
1254 2982 1313 3025 sex
1328 2970 1351 3016 Α
1365 2970 1435 3032 light
1449 2970 1478 3018 or
1488 2971 1529 3018 six

206 3068 416 3131 torchiarum
455 3067 705 3150 portandorum
747 3066 817 3149 (sic)
861 3072 896 3130 et
936 3065 1238 3130 illuminandorum
1278 3067 1312 3130 in
1334 3037 1517 3166 gibracthfesadt}

206 3172 302 3235 festis
324 3171 539 3235 Assencionis
561 3170 712 3246 Domini,
736 3170 894 3254 Corporis
917 3171 997 3254 Xpi‚
1021 3177 1056 3234 et
1078 3170 1144 3235 S'ci
1166 3170 1314 3235 Wilfridi

206 3276 241 3339 in
275 3276 488 3359 Autumpno
536 3276 583 3338 Et
617 3281 698 3339 ante
732 3294 876 3359 corpora
910 3275 1056 3339 fratrum
1091 3281 1125 3338 et
1159 3295 1313 3339 sororum
1360 3278 1364 3283 '

206 3386 422 3444 mortuorum
450 3379 504 3444 die
532 3380 706 3464 sepulture
734 3399 793 3443 sue
822 3385 857 3442 et
885 3379 919 3442 in
949 3379 1100 3444 obitibus
1128 3363 1314 3443 eorundem

207 3485 308 3549 factis
333 3484 377 3549 ad
402 3484 510 3548 altare
535 3483 739 3567 predictum,
766 3483 893 3548 scilicet
919 3483 986 3548 S’ci
1010 3484 1140 3548 Thome
1165 3484 1314 3548 Martiris

207 3589 241 3652 in
279 3588 418 3653 ecclesia
454 3588 663 3673 supradicta.
710 3589 758 3651 Et
794 3588 947 3672 quinque
983 3588 1149 3652 ceriorum
1187 3588 1314 3653 ibidem
1328 3598 1416 3647 Other
1434 3598 1529 3661 rights.

207 3699 288 3756 ante
303 3693 411 3757 altare
426 3691 619 3777 predictum
634 3712 737 3776 super
751 3691 996 3756 candelabrum
1012 3692 1314 3756 illuminandorum
1394 3692 1395 3695 ’

206 3797 346 3881 singulis
387 3796 565 3861 dominicis
606 3802 641 3859 et
681 3796 869 3860 maioribus
910 3795 1103 3879 duplicibus
1144 3797 1239 3860 festis
1279 3798 1314 3861 in

207 3908 360 3985 tempore
380 3900 462 3964 alte1
480 3901 591 3976 misse,
609 3899 872 3975 matutinarum,
890 3906 925 3963 et
944 3920 1174 3983 vesperarum,
1192 3901 1314 3966 saltem

207 4006 241 4070 in
288 4005 475 4069 maioribus
522 4003 716 4087 duplicibus
763 4024 943 4087 quousque
991 4004 1113 4068 fratres
1160 4006 1314 4070 moderni

208 4109 434 4174 fraternitatis
458 4107 610 4193 predicte
635 4107 858 4193 migrauerint
883 4109 927 4171 ab
952 4129 991 4172 ac
1019 4108 1088 4190 (sic)
1115 4109 1200 4174 luce.
1248 4111 1314 4175 Pro
1365 4113 1440 4160 nent
1452 4113 1481 4160 οἱ

206 4214 332 4298 quibus
352 4233 434 4277 vero
454 4212 611 4296 expensis
632 4211 796 4275 faciendis
817 4211 972 4295 predicto
992 4212 1168 4296 capellano
1189 4220 1224 4277 et
1245 4215 1314 4279 suis
1332 4179 1443 4294 *sulii
1455 4179 1528 4294 ἔξω

207 4317 456 4382 successoribus
472 4316 656 4400 capellanis
672 4316 824 4380 cantarie
840 4317 993 4399 predicte
1009 4337 1144 4381 annuus
1160 4318 1314 4384 redditus
1371 4311 1494 4362 Skelton.

208 4422 388 4486 tresdecim
417 4421 604 4485 solidorum
634 4425 669 4483 et
699 4426 850 4504 quatuor
880 4419 1097 4485 denariorum
1127 4422 1242 4487 exiens
1272 4423 1314 4488 de
1479 4408 1482 4413 ¹

207 4527 342 4591 duobus
363 4525 547 4610 mesuagijs
568 4530 603 4588 et
625 4531 776 4609 quatuor
797 4525 945 4589 bouatas
969 4524 1040 4608 (sic)
1066 4531 1153 4589 terre
1174 4527 1210 4590 in
1232 4528 1314 4593 villa

207 4637 242 4695 et
267 4630 438 4695 territorio
462 4629 505 4693 de
529 4628 682 4704 Skelton
708 4649 774 4713 que
798 4649 909 4712 nuper
932 4629 1071 4694 fuerunt
1097 4631 1184 4695 Ric’i
1209 4632 1314 4698 Ward

1327 2426 1375 2474 the
1395 2425 1525 2474 bellman.

278 4790 286 4813 ¹
308 4790 322 4806 ‘¹
333 4784 397 4833 Alte
406 4784 421 4802 ''
436 4783 568 4847 repeated
581 4781 609 4830 in
624 4782 671 4831 the
684 4782 741 4833 MS.
