3392 5650
357 697 400 778 48
633 696 717 759 Tua
738 693 898 787 ‘luerim'
926 698 1186 760 Munuscurr’r.

142 873 217 988 bea
231 872 342 986 uispppe
357 873 581 956 apostolicam
619 873 906 938 benediccionem.
963 874 1125 937 Canonici
1164 873 1288 957 Ripon’
1327 875 1465 937 ecclesie

142 953 267 1069 Chapetss
286 953 342 1054 and
356 978 455 1041 nobis
481 979 722 1061 conquerendo
749 983 1031 1043 monstrauerunt
1058 978 1152 1061 quod
1179 978 1297 1042 Abbas
1324 986 1358 1043 et
1386 1000 1464 1042 con-

143 1073 297 1203 {gigialds
311 1142 342 1187 to
355 1088 481 1146 uentus
511 1083 553 1146 de
584 1083 763 1157 Fontibus
796 1083 1026 1147 Cisterciensis
1057 1083 1194 1157 ordinis,
1228 1083 1330 1147 Ebor.
1364 1083 1463 1158 dioc,

141 1194 185 1257 be'
221 1207 342 1269 brought
357 1206 458 1269 super
486 1187 676 1270 quamdam
705 1208 877 1251 summam
906 1188 1048 1271 pecunie
1079 1208 1117 1250 ac
1147 1189 1247 1251 rebus
1278 1187 1351 1251 aliis
1381 1189 1466 1251 iniu-

142 1279 172 1324 to
185 1289 220 1323 ‘¹¹¹
234 1276 296 1323 enu.
357 1290 490 1355 riantur
512 1292 633 1367 eidem,
658 1292 809 1376 Ideoque
831 1292 1031 1357 discrecioni
1053 1298 1166 1355 vestre
1188 1312 1248 1375 per
1269 1291 1467 1375 Apostolica

356 1395 484 1477 scripta
502 1396 719 1470 mandamus,
739 1396 905 1480 quatinus
924 1396 1081 1479 partibus
1100 1394 1299 1460 conuocatis
1319 1397 1468 1461 audiatis

355 1518 494 1564 causam
525 1506 559 1563 et
590 1501 823 1584 appellacione
854 1507 986 1565 remota
1016 1500 1127 1565 usuris
1156 1501 1370 1564 cessantibus
1400 1501 1467 1564 fine

355 1603 473 1667 debito
523 1605 725 1680 terminetis
778 1606 942 1669 facientes
992 1605 1086 1689 quod
1137 1605 1355 1669 decreueritis
1406 1626 1467 1689 per

355 1728 573 1773 censurarum
591 1709 661 1793 (sic)
680 1710 945 1774 ecclesiasticam
959 1709 1102 1774 firmiter
1117 1710 1301 1773 obseruari.
1349 1710 1467 1773 Testes

357 1818 473 1876 autem
493 1814 553 1896 qui
573 1813 700 1878 fuerint
719 1815 900 1889 nominati,
922 1815 950 1878 si
969 1835 1004 1878 se
1023 1814 1147 1899 gracia,
1169 1815 1258 1889 odi0,
1280 1815 1334 1878 uel
1354 1835 1469 1878 amore

356 1918 602 1993 subtraxerint,
640 1939 701 2002 per
735 1939 915 1983 censuram
951 1919 1148 1993 eorundem,
1185 1925 1341 1983 cessante
1377 1940 1468 1982 com-

357 2021 554 2104 pellacione,
580 2023 710 2107 cogatis
734 2023 875 2087 veritati
900 2023 1137 2087 testimonium
1161 2024 1348 2106 perhibere,
1374 2023 1468 2107 quod

356 2126 384 2188 si
412 2146 482 2190 non
511 2147 628 2191 omnes
656 2128 721 2190 hiis
750 2128 958 2211 exequendis
986 2128 1167 2211 potueritis
1196 2128 1368 2202 interesse,
1399 2128 1469 2191 duo

357 2236 511 2294 vestrum
529 2251 570 2295 ea
587 2231 827 2296 nichilominus
848 2237 1072 2315 exequantur.
1133 2231 1212 2295 Dat.
1234 2231 1392 2296 Lateran.
1414 2231 1468 2313 iij0

359 2334 441 2398 Idus
462 2335 622 2400 Decemb.
647 2336 874 2400 Pontificatus
894 2337 1002 2399 nostri
1023 2355 1114 2399 anno
1134 2319 1402 2399 octauodecimo

209 2525 283 2573 1191,
669 2514 734 2597 (61)
762 2514 887 2578 Burbu
913 2513 1003 2596 (n'ur
1028 2516 1159 2596 ΡΑΡιῑ).Ι

185 2581 252 2641 May
265 2590 311 2628 2οᾖ

144 2647 280 2697 eelestine
290 2644 343 2693 111.
448 2656 600 2732 Printed,
619 2656 706 2722 from
732 2679 752 2721 a
775 2657 923 2720 notarial
946 2657 1142 2741 transcript,
1162 2657 1196 2720 in
1221 2657 1322 2722 Mem.
1342 2657 1466 2740 Ripou,

178 2741 202 2789 Α
224 2737 385 2836 mantell,
412 2760 483 2828 116.
534 2761 669 2846 Ingilby
699 2762 766 2828 us.
796 2762 858 2826 has
890 2763 949 2826 the
980 2762 1136 2848 readings
1169 2761 1188 2785 ‘⁴
1205 2762 1464 2837 chircheham,”

140 2809 216 2860 clerk
223 2812 254 2856 to
261 2806 295 2854 be
303 2819 341 2852 re·

143 2873 343 3003 ffiffisshffi
358 2867 426 2930 and
443 2868 496 2931 tor
512 2867 532 2891 “
547 2867 657 2931 eidem
677 2867 805 2942 tacta,''
827 2867 847 2891 “
863 2867 954 2931 idem
973 2867 1091 2933 facit.”

179 3060 304 3165 sapi6
540 3034 605 3117 (62)
632 3033 885 3098 Courrnuxcro
909 3034 1072 3098 CAPELLE
1097 3052 1145 3098 na
1170 3034 1279 3101 Nrnn.

198 3129 256 3179 ep.
307 3151 313 3162 .

168 3206 344 3267 Archbishop
445 3177 614 3241 Omnibus
648 3176 707 3259 xpi
740 3175 898 3240 fidelibus
932 3177 976 3240 ad
1009 3196 1096 3260 quos
1130 3196 1266 3259 presens
1299 3177 1467 3259 scripturn

142 3273 344 3392 ffiffiffi
358 3282 563 3365 peruenerit,
595 3280 766 3345 Walterus
797 3281 861 3343 Dei
891 3281 1005 3365 gracia
1036 3281 1137 3345 Ebor.
1171 3281 1465 3364 Archiepiscopus,

162 3409 272 3458 church
299 3404 328 3454 of
359 3387 479 3470 Anglie
510 3386 648 3469 primas
679 3385 827 3449 salutem
859 3385 893 3448 in
925 3385 1025 3448 D’no.
1059 3383 1232 3448 Noueritis
1263 3384 1357 3467 quod
1388 3405 1466 3448 cum

142 3471 345 3592 fflffilgssfffffi
360 3491 475 3555 dilecti
498 3491 533 3554 in
557 3510 626 3573 xpo
649 3489 709 3552 filii
733 3488 931 3572 Capitulum
950 3489 1074 3571 Ripon’
1093 3488 1242 3552 Ecclesie
1266 3494 1423 3571 peterent
1448 3510 1468 3552 a

143 3610 172 3659 01
191 3610 239 3658 the
256 3608 344 3670 chap-
359 3597 458 3660 nobis
503 3594 690 3658 Ecclesiam
735 3594 777 3657 de
821 3592 890 3656 Nid
934 3593 999 3656 sibi
1043 3592 1236 3656 confirmari
1281 3593 1325 3656 ad
1369 3613 1468 3656 suam

143 3682 194 3726 ter.
359 3719 590 3774 communam,
618 3717 690 3772 nos
720 3718 836 3761 eorum
864 3697 1025 3780 peticioni
1052 3697 1239 3761 liberaliter
1265 3704 1466 3773 annuentes,

359 3805 503 3869 eandem
543 3803 718 3867 ecclesiam
735 3801 738 3808 ’
758 3802 804 3865 eis
847 3802 1036 3866 autoritate
1078 3800 1266 3884 pontificali
1307 3802 1468 3866 duximus

358 3908 640 3982 confirmandam,
677 3907 771 3991 quod
806 3913 845 3972 ut
882 3913 997 3972 ratum
1033 3911 1068 3969 et
1102 3906 1226 3970 stabile
1261 3914 1466 3990 perseueret,

358 4033 496 4098 presens
512 4012 679 4095 scriptum
697 4012 839 4077 fecimus
855 4012 955 4097 sigilli
972 4011 1080 4074 nostri
1097 4011 1286 4074 munimine
1303 4012 1466 4086 roborari,

358 4118 517 4182 Testibus
542 4116 714 4201 magistris
739 4116 864 4200 Joh’ne
889 4117 931 4180 de
956 4116 1126 4199 Langton,
1153 4114 1325 4178 Canonico
1351 4116 1466 4189 Ebor,

358 4229 392 4287 et
421 4221 571 4286 Will’mo
600 4221 642 4284 de
671 4221 851 4285 Seuendon
881 4221 1052 4285 Canonico
1081 4220 1214 4294 Suwell,
1244 4219 1397 4283 Waltero
1427 4220 1467 4283 de

358 4326 483 4391 Castell
507 4327 557 4408 (22
578 4326 624 4408 v.)
649 4325 843 4408 Capellano,
870 4324 1060 4409 Reginaldo
1083 4324 1125 4388 de
1147 4324 1250 4400 Stow,
1272 4324 1406 4388 Thoma
1427 4325 1481 4418 de¹

359 4430 533 4505 Stanford,
563 4430 674 4494 Alano
703 4431 745 4494 de
774 4430 881 4505 Hesil,
912 4429 1046 4514 Rogero
1075 4429 1117 4492 de
1145 4429 1179 4493 la
1207 4429 1310 4512 Leye,
1341 4429 1469 4492 clericis

358 4536 494 4609 nostris,
522 4540 558 4598 et
585 4534 668 4599 aliis.
717 4535 797 4600 Dat,
828 4533 978 4619 Rypon',
1007 4533 1240 4597 sextodecimo
1267 4533 1312 4599 kl.
1343 4533 1464 4599 Octob.

359 4639 586 4706 Pontificatus
604 4639 712 4702 nostri
733 4660 823 4703 anno
842 4639 1005 4703 vicesimo
1023 4643 1131 4703 sexto,

430 4811 437 4834 ¹
458 4805 555 4868 Partly
567 4805 670 4854 erased.
