3392 5650
327 724 370 791 44
602 706 686 770 Tne
712 705 867 771 luerent
893 706 1153 772 Mnuuscurrr.

329 904 411 947 vero
434 882 516 947 dicit
539 903 577 947 se
600 881 730 946 vidisse
753 894 858 946 totam
886 883 1001 945 lanam
1026 881 1148 946 deferri
1176 880 1269 963 apud
1302 878 1432 961 Ripon'

329 982 497 1059 similiter,
521 995 555 1045 et
575 982 746 1065 porcellos
769 981 896 1046 ibidem
920 994 1030 1059 natos,
1054 981 1114 1046 sed
1139 980 1218 1062 quis
1243 978 1431 1062 quamdam

329 1082 371 1146 de
388 1082 522 1146 decima
543 1081 637 1145 illius
654 1082 733 1145 lane
754 1081 908 1164 percepit
925 1081 1033 1145 nescit
1048 1104 1055 1158 ;
1079 1081 1122 1145 de
1140 1078 1300 1162 porcellis
1316 1091 1431 1141 autem

330 1182 413 1246 dicit
436 1203 474 1246 se
497 1181 627 1246 vidisse
651 1180 780 1245 dictum
806 1180 1022 1244 Thoraldum
1057 1179 1232 1263 percipere
1262 1179 1432 1243 decimam

331 1281 473 1345 nomine
502 1280 761 1345 canonicorum.
814 1279 1006 1344 Thorfinus
1036 1292 1150 1343 autern
1182 1279 1323 1364 Juratus
1353 1298 1435 1343 con·

330 1381 448 1445 cordat
463 1402 541 1445 cum
561 1379 754 1445 Willelmo

810 1543 960 1607 Horuu.

332 1681 402 1763 (53)
427 1679 644 1743 Ouoruncro
669 1679 865 1744 Cnurnnm
891 1697 1083 1742 pauperos
1109 1697 1145 1741 m
1165 1679 1336 1744 Cnruttn
1361 1677 1434 1741 S’cr

375 1791 495 1877 Jou’1s
522 1792 704 1855 ssnpnsre
729 1810 777 1855 ua
803 1792 940 1856 Horou
965 1791 1182 1856 Counraus,

153 1953 186 2002 Er
218 1963 260 2001 est
292 1952 317 1999 in
420 1928 605 1992 Vniuersis
643 1928 701 2011 xpi
741 1927 903 1993 fidelibus
942 1929 1032 1992 hanc
1062 1940 1190 1992 cartam
1223 1927 1350 1992 visuris
1381 1927 1434 1990 vel

119 2036 247 2145 emim
331 2028 513 2106 audituris,
550 2028 726 2092 Robertus
756 2028 799 2093 de
830 2029 1014 2113 Coygners
1045 2028 1209 2092 dominus
1240 2028 1282 2092 de
1315 2027 1435 2091 Hoton

158 2150 228 2211 June
241 2118 279 2210 2’4.
334 2129 528 2214 Coygners,
558 2129 705 2192 salutem
732 2127 766 2189 in
794 2127 949 2192 Domino
973 2127 1232 2210 sempiternam.
1293 2125 1438 2191 Nouerit

333 2227 542 2292 uniuersitas
559 2240 674 2291 vestra
690 2227 788 2308 ((110)Ι
806 2248 869 2310 pro
888 2227 1000 2291 salute
1023 2226 1139 2291 anime
1164 2249 1239 2291 mee
1262 2239 1295 2291 et
1318 2225 1433 2289 hered.

335 2348 491 2391 meorum
505 2339 539 2391 et
555 2348 617 2410 pro
629 2326 815 2391 animabus
827 2339 1086 2391 antecessorum
1102 2348 1269 2404 meorum,
1286 2326 1433 2402 dedisse,

333 2427 557 2504 concessisse,
578 2440 611 2491 et
628 2427 692 2490 hac
708 2439 801 2490 carta
823 2448 901 2491 mea
923 2426 1149 2492 confirmasse
1174 2448 1233 2510 per
1257 2426 1435 2490 licenciam

334 2526 403 2590 (1ἠί
445 2526 551 2591 nostri
591 2525 661 2589 (1ἠί
702 2526 863 2590 Edwardi
899 2528 965 2591 Dei
998 2528 1116 2612 gracia
1147 2526 1291 2591 illustris
1325 2525 1437 2610 Regis

336 2628 459 2713 Angl,
501 2638 534 2690 et
571 2625 679 2690 eciam
721 2646 780 2708 per
819 2627 997 2691 licenciam
1037 2627 1108 2691 d'ni
1149 2626 1331 2711 Lodewyci
1371 2625 1437 2690 Dei

334 2727 452 2811 gracia
482 2726 549 2809 ep'i
583 2727 766 2804 Dunolm.,
801 2726 872 2790 d'ni
906 2727 983 2805 mei,
1017 2728 1094 2791 Deo
1125 2739 1159 2791 et
1184 2727 1317 2810 capelle
1348 2725 1437 2790 beati

332 2827 443 2912 Joh’is
491 2826 646 2910 Baptiste
692 2827 726 2889 in
776 2827 1074 2913 Hotoncoygners
1119 2841 1152 2893 et
1193 2827 1275 2891 d’no
1314 2825 1438 2890 Will'o

337 2928 510 3005 Duraunt,
531 2927 712 3009 capellano
730 2927 763 2990 in
789 2928 909 2992 eadem
929 2928 1072 3011 Capella
1096 2951 1161 2993 suo
1178 2929 1254 3010 (110)
1272 2939 1439 3010 perpetuo

335 3027 560 3103 celebraturo,
581 3048 688 3089 vnum
707 3027 940 3111 mesuagium,
961 3042 1029 3092 tres
1046 3030 1192 3092 bouatas
1209 3040 1242 3092 et
1265 3048 1325 3092 sex
1341 3048 1439 3091 acras

336 3139 433 3203 terre,
453 3139 487 3191 et
503 3147 606 3189 vnam
633 3127 751 3190 rodam
778 3128 864 3210 prati
890 3148 968 3191 cum
995 3127 1217 3211 pertinenciis
1242 3128 1276 3190 in
1304 3127 1440 3191 Hoton-

335 3246 519 3310 coygnerS,
550 3237 584 3288 et
613 3225 739 3311 viginti
771 3227 938 3292 solidatas
970 3227 1123 3292 redditus
1155 3228 1188 3291 in
1223 3228 1436 3313 Howgraue‚

336 3326 495 3391 exeuntis
510 3325 553 3389 de
569 3325 668 3390 terris
684 3339 717 3389 et
734 3326 776 3390 de
792 3328 1000 3391 tenementis
1017 3349 1084 3410 que
1106 3328 1282 3410 quondam
1302 3327 1440 3392 luerunt

336 3425 406 3489 d'ni
441 3423 544 3488 Rob'i
584 3424 626 3487 de
666 3425 851 3510 Mortayne
890 3426 924 3488 in
964 3427 1083 3491 eadem
1124 3427 1217 3506 villa,
1259 3440 1292 3492 01
1329 3429 1437 3493 eciam

337 3537 513 3608 pasturam
530 3522 574 3586 ad
591 3522 680 3587 duos
696 3545 816 3607 equos,
836 3525 925 3590 duos
950 3527 1069 3603 boueS,
1090 3539 1123 3591 et
1145 3527 1233 3592 duas
1249 3550 1383 3606 vaccas,
1404 3529 1437 3591 in

336 3638 407 3690 tota
432 3621 616 3706 seperabili
642 3635 782 3705 pastura
807 3646 884 3689 mea
908 3625 942 3688 in
969 3626 1120 3708 predicta
1143 3627 1227 3690 villa
1250 3627 1293 3691 de
1319 3628 1438 3692 Hoton

337 3726 533 3810 CoygnerS,
553 3722 707 3805 exceptis
724 3724 838 3788 boscis
856 3725 943 3789 meis
960 3726 993 3789 in
1012 3727 1144 3804 eadem,
1161 3748 1250 3808 quos
1267 3728 1440 3810 seperales

337 3826 422 3889 mihi
454 3838 487 3888 et
515 3822 630 3887 hered.
663 3823 749 3887 meis
776 3846 853 3889 esse
880 3828 988 3914 volo„
1035 3826 1192 3891 Tenend.
1224 3839 1257 3891 et
1288 3827 1436 3892 habend.

338 3924 490 4010 predicta
507 3922 699 4006 mesuagia,
720 3936 838 4001 terras,
860 3940 1008 4008 pratum,
1030 3927 1182 3991 redditus
1206 3940 1239 3991 et
1263 3940 1438 4010 pasturam

338 4025 490 4111 predicto
518 4022 599 4086 d'no
627 4021 789 4087 Will'mo
813 4037 846 4088 et
868 4026 1129 4090 successoribus
1153 4027 1227 4090 suis
1250 4027 1441 4110 capellanis

338 4127 372 4189 in
390 4124 523 4208 capella
548 4120 700 4205 predicta
723 4122 843 4186 divina
867 4126 1100 4203 celebraturis,
1121 4127 1162 4190 de
1188 4147 1242 4190 me
1265 4139 1299 4190 et
1323 4127 1437 4191 hered.

339 4227 425 4290 meis
450 4225 483 4288 in
509 4223 567 4286 lib.
597 4242 671 4304 pur.
698 4234 731 4285 et
756 4244 850 4307 perp.
871 4226 928 4302 el,
950 4226 1094 4309 integre,
1115 4228 1203 4291 bene
1226 4239 1259 4291 01
1283 4227 1317 4290 in
1343 4249 1437 4310 pace,

337 4348 414 4392 curn
455 4323 619 4388 omnibus
651 4322 724 4386 suis
760 4325 993 4406 pertinenciis,
1029 4327 1255 4404 libertatibus,
1290 4341 1323 4391 et
1353 4329 1442 4392 asia-

339 4426 474 4503 mentis,
496 4425 583 4490 infra
600 4421 719 4485 villam
742 4436 775 4487 et
798 4438 903 4502 extra,
925 4426 1069 4490 faciend.
1091 4426 1171 4490 inde
1194 4427 1379 4491 seruicium
1406 4429 1440 4490 in

337 4529 470 4610 capella
503 4530 653 4610 predicta
686 4524 719 4587 in
750 4525 867 4589 missis
895 4527 1016 4589 saltem
1046 4526 1262 4591 celebrandis
1289 4527 1441 4612 singulis

337 4628 471 4705 diebus,
513 4644 686 4712 quatenus
724 4647 880 4710 congrue
918 4640 951 4689 et
984 4626 1130 4690 comode
1160 4625 1233 4690 fieri
1266 4628 1376 4709 possit
1408 4628 1440 4690 in

404 4814 411 4836 ¹
431 4808 486 4856 Nor
499 4807 524 4854 in
538 4807 595 4855 MS.
