3392 5650
610 738 704 802 Acrs
727 754 773 802 or
796 737 974 803 Cnxrran.
1288 733 1352 815 283

1565 884 1573 907 Ι

241 929 417 995 decretum
437 929 626 1013 permutari
647 929 763 993 taliter
782 928 969 993 statuendo
990 936 1025 993 et
1046 929 1237 993 ordinando
1258 928 1352 1013 quod
1375 914 1553 1030 thegrffil'·

240 1034 283 1098 de
302 1040 415 1099 cetero
435 1034 690 1118 imperpetuum
709 1039 833 1118 quater
853 1033 888 1097 in
908 1054 999 1097 anno
1019 1033 1106 1098 fiant
1126 1052 1186 1117 per
1205 1030 1352 1096 vicarios
1392 996 1546 1111 tlatchings

240 1144 424 1223 perpetuos
448 1138 600 1202 eiusdem
624 1137 773 1202 Ecclesie
797 1143 832 1203 et
856 1143 986 1202 ceteros
1011 1137 1184 1201 ministros
1209 1137 1348 1213 ibidem,
1375 1114 1557 1245 aqqqaqqqrs

236 1242 399 1306 videlicet
446 1263 564 1307 omnes
610 1249 645 1306 et
691 1242 841 1326 singulos
888 1242 1060 1317 diaconos,
1108 1241 1348 1319 subdiaconos,
1365 1249 1445 1313 night
1463 1263 1565 1312 among

241 1346 471 1422 turibularios‚
501 1354 536 1411 et
560 1347 727 1411 choristas
756 1347 898 1431 exequie
932 1348 1136 1431 solempnes,
1172 1347 1236 1412 viz.
1272 1367 1350 1411 cum
1372 1315 1565 1447 parislllgners,

240 1472 365 1515 novem
378 1450 584 1515 leccionibus
596 1451 632 1515 in
645 1451 748 1515 choro
763 1451 912 1516 Ecclesie
925 1451 1077 1535 predicte
1091 1471 1153 1535 pro
1167 1451 1349 1515 animabus
1389 1464 1430 1497 we
1443 1449 1540 1498 decree

243 1556 438 1620 Athelstani
473 1555 575 1640 Regis
608 1561 642 1619 et
676 1555 821 1619 aliorum
855 1576 972 1639 regum
1007 1562 1041 1619 et
1074 1554 1278 1638 pontificum
1311 1576 1351 1619 ac
1364 1515 1564 1631 523}ssssth

240 1659 482 1730 canonicorum
526 1665 560 1723 et
605 1659 759 1723 omnium
803 1658 1063 1723 benefactorum
1107 1659 1232 1723 Eccl’ie
1277 1660 1349 1723 n’re
1365 1648 1565 1766 befaoqupnes

240 1763 414 1827 antedicte
433 1763 573 1828 omnino
592 1769 673 1827 ante
692 1783 852 1846 vesperas
872 1763 953 1827 ferie
972 1763 1093 1847 quinte
1113 1769 1194 1828 ante
1213 1771 1348 1828 sextam
1441 1731 1460 1779 y
1510 1753 1516 1766 ’

240 1868 361 1932 feriam
402 1875 553 1954 quatuor
595 1874 790 1952 temporum
832 1865 911 1931 cum
953 1866 1057 1930 missa
1098 1867 1265 1951 solempni
1308 1866 1350 1931 de

242 1972 411 2057 Requiem
441 1973 476 2037 in
507 1973 627 2037 eadem
657 1978 756 2036 sexta
786 1971 871 2035 feria
901 1971 985 2035 bora
1016 1977 1180 2036 consueta
1210 1977 1244 2035 et
1275 1972 1352 2055 alijs

241 2077 396 2162 exequijs
411 2077 542 2142 vsitata
557 2076 685 2141 ibidem
700 2076 914 2142 celebranda.
965 2076 1009 2140 Et
1024 2076 1169 2160 quilibet
1185 2077 1352 2161 fugitiuus
1374 2082 1466 2143 Every
1479 2096 1557 2157 sanq-

241 2182 286 2246 ad
310 2181 440 2246 dictam
467 2183 528 2270 (99)
555 2182 752 2246 libertatem·
779 2181 958 2256 admissus,
984 2187 1018 2244 et
1042 2181 1150 2246 eciam
1174 2182 1216 2245 de
1239 2189 1351 2246 cetero
1366 2152 1565 2263 tutqrqtqqqqrs

240 2287 488 2363 admittendus,
519 2287 654 2351 intersit
684 2286 881 2351 huiusmodi
911 2286 1066 2370 exequijs
1096 2292 1130 2350 et
1162 2286 1283 2361 missis
1316 2293 1351 2350 et
1366 2283 1422 2330 ‘md
1440 2282 1506 2329 take
1524 2282 1565 2330 ¹¹³⁵

239 2392 461 2476 solempniter
476 2392 636 2456 clascicos
653 2392 800 2475 pulsent,
819 2412 859 2454 ac
876 2390 1092 2455 oracionibus
1108 2391 1178 2455 suis
1195 2398 1350 2475 tempore
1430 2352 1501 2412 part.

239 2496 435 2560 huiusmodi
457 2496 679 2580 exequiarum
702 2501 736 2559 et
759 2496 940 2559 missarum
963 2494 1143 2579 diligenter
1164 2501 1290 2559 vacent
1314 2502 1349 2559 et

238 2600 460 2676 intendant¹;
486 2600 546 2685 qui
568 2621 650 2664 vero
673 2602 796 2664 absens
819 2600 923 2665 luerit
946 2600 1059 2664 soluat
1083 2600 1211 2664 fabrice
1234 2600 1349 2664 eccl'ie

238 2726 300 2789 pro
318 2705 473 2789 qualibet
492 2705 566 2769 vice
584 2710 736 2789 quatuor
753 2703 920 2769 denarios,
1002 2774 1004 2777 ,

328 2836 417 2900 Item
437 2841 610 2901 statutum
630 2835 791 2919 estquod
811 2840 936 2920 quater
956 2834 991 2899 in
1013 2856 1113 2910 anno,
1132 2834 1196 2898 viz.
1216 2834 1351 2898 inferia
1383 2842 1540 2917 'lhetown

239 2941 363 3025 quinta
377 2941 541 3024 predicta,
558 2962 659 3025 preco
674 2939 866 3005 communis
880 2938 959 3001 ville
976 2938 1101 3022 Ripon‘
1118 2958 1180 3022 pro
1196 2943 1350 3022 tempore
1364 2923 1468 3024 εζζῗῃᾚ
1482 2913 1565 3027 {251⁰

240 3045 389 3110 existens
422 3046 584 3110 transibit
616 3046 798 3110 circuitum
832 3048 1036 3107 consuetum
1069 3063 1148 3106 cum
1181 3063 1351 3126 campana
1407 3042 1516 3119 his'beu

241 3151 372 3215 orando
402 3151 484 3215 viua
514 3172 598 3216 voce
629 3171 690 3234 pro
721 3150 904 3215 animabus
940 3147 1138 3211 Athelstani
1178 3147 1280 3232 Regis
1315 3153 1350 3211 et
1374 3112 1552 3228 ffissffisfg}

241 3255 385 3320 aliorum
404 3256 647 3340 predictorum.
1376 3243 1542 3362 affihglsffgr}

331 3385 420 3449 Item
435 3390 609 3449 statutum
625 3390 676 3448 est
691 3383 785 3469 quod
799 3383 955 3467 specialis
971 3382 1103 3446 mencio
1119 3403 1181 3467 pro
1197 3380 1350 3467 exequijs
1383 3403 1440 3453 The
1456 3406 1546 3456 above

242 3493 277 3551 et
299 3487 410 3551 missis
431 3493 471 3551 vt
493 3508 597 3572 supra
618 3488 839 3571 solempniter
860 3486 1071 3555 celebrandis
1095 3488 1224 3571 absque
1246 3487 1350 3551 moris
1382 3472 1545 3590 {ffiffi

242 3591 421 3676 dispendio
457 3592 626 3657 inseratur
661 3613 818 3676 expresse
854 3614 960 3657 manu
996 3592 1123 3677 legibili
1159 3592 1193 3657 in
1231 3592 1351 3657 tabula
1383 3606 1545 3682 thevicars·

242 3697 416 3761 communi
441 3696 646 3762 vicariorum
672 3696 823 3761 eiusdem
850 3697 987 3764 ecclesie
1013 3697 1048 3761 in
1074 3698 1139 3761 hac
1164 3703 1263 3781 parte
1288 3717 1350 3781 pro
1364 3674 1563 3726 ¹¹⁰t¹⁰⁹b⁰³¹d·

242 3800 482 3866 communibus
501 3801 652 3864 obitibus
672 3800 799 3865 ibidem
818 3802 1031 3866 celebrandis
1051 3801 1115 3865 rite
1135 3800 1304 3867 ordinata.

330 3931 419 3993 ltem
451 3935 626 3994 statutum
659 3937 711 3994 est
744 3929 838 4015 quod
872 3929 1042 4015 fugientes
1076 3929 1120 3993 ad
1153 3929 1350 3995 libertatem
1389 3941 1546 4007 Sanctuary

238 4035 429 4119 predictam
455 4034 497 4099 de
523 4041 637 4099 cetero
662 4035 917 4119 imperpetuum
944 4034 979 4098 in
1006 4034 1117 4118 prima
1143 4033 1350 4099 admissione
1374 4015 1556 4128 {¹2¹2}ssssssss

238 4160 301 4204 sua
347 4139 521 4223 corporale
568 4140 812 4222 Juramentum
860 4140 1066 4222 prestabunt
1114 4139 1156 4203 de
1204 4139 1350 4204 fideliter
1406 4142 1522 4193 observa

238 4240 453 4305 obseruando
468 4246 604 4305 statuta
619 4241 783 4325 predicta.
1393 4209 1539 4329 tlffijta·

328 4371 417 4434 Item
433 4369 527 4454 quod
543 4371 698 4455 specialis
714 4373 847 4437 mencio
864 4373 1061 4437 huiusmodi
1078 4373 1274 4456 Juramenti
1290 4394 1351 4458 per
1365 4388 1472 4464 special
1487 4407 1563 4443 men-

239 4495 357 4539 omnes
389 4481 424 4538 et
457 4475 607 4560 singulos
639 4476 803 4560 fugitiuos
836 4478 871 4542 ln
904 4478 1015 4562 prima
1048 4477 1256 4542 admissione
1288 4499 1352 4542 sua
1364 4458 1433 4571 iffi
1443 4458 1473 4573 (ζ
1484 4461 1565 4578 ttohssjg

239 4579 412 4664 patranda
426 4579 488 4643 fiat
502 4600 658 4664 expresse
673 4581 708 4644 in
724 4582 883 4667 Registro
898 4589 1016 4645 nostro
1031 4582 1131 4646 iuxta
1144 4582 1350 4666 scripturam
1373 4591 1496 4668 manera
1506 4609 1556 4644 our

239 4705 457 4748 communem
487 4704 589 4769 super
617 4684 811 4751 iuramenta
840 4687 985 4751 aliorum
1016 4686 1242 4771 fugitiuorum
1271 4707 1350 4751 con·
1397 4657 1532 4722 Reg1ster.

241 4789 405 4873 scriptam
425 4789 533 4853 eciam
551 4789 645 4873 prius
663 4790 840 4857 vsitatam.

312 4943 320 4966 ¹
339 4938 447 4988 Plurals
459 4936 489 4987 in
501 4938 558 4987 MS.
