<?xml version="1.0" encoding="UTF-8"?>
<!DOCTYPE html PUBLIC "-//W3C//DTD XHTML 1.0 Transitional//EN"
    "http://www.w3.org/TR/xhtml1/DTD/xhtml1-transitional.dtd">
<html xmlns="http://www.w3.org/1999/xhtml" xml:lang="en" lang="en">
 <head>
  <title>
</title>
<meta http-equiv="Content-Type" content="text/html;charset=utf-8" />
  <meta name='ocr-system' content='tesseract 3.04.00' />
  <meta name='ocr-capabilities' content='ocr_page ocr_carea ocr_par ocr_line ocrx_word'/>
</head>
<body>
  <div class='ocr_page' id='page_1' title='image "./memorialschurch01fowlgoog_0063.png"; bbox 0 0 3392 5650; ppageno 0'>
   <div class='ocr_carea' id='block_1_1' title="bbox 603 684 1343 749">
    <p class='ocr_par' dir='ltr' id='par_1_1' title="bbox 603 684 1343 749">
     <span class='ocr_line' id='line_1_1' title="bbox 603 684 1343 749; baseline -0.004 -2"><span class='ocrx_word' id='word_1_1' title='bbox 603 684 702 747; x_wconf 83' lang='lat' dir='ltr'>Acrs</span> <span class='ocrx_word' id='word_1_2' title='bbox 726 702 773 748; x_wconf 78' lang='lat' dir='ltr'>or</span> <span class='ocrx_word' id='word_1_3' title='bbox 796 684 987 749; x_wconf 63' lang='lat' dir='ltr'>enarrari.</span> <span class='ocrx_word' id='word_1_4' title='bbox 1308 700 1343 744; x_wconf 89' lang='lat'>21</span> 
     </span>
    </p>
   </div>
   <div class='ocr_carea' id='block_1_2' title="bbox 244 858 1569 4832">
    <p class='ocr_par' dir='ltr' id='par_1_2' title="bbox 244 858 1563 1636">
     <span class='ocr_line' id='line_1_2' title="bbox 246 858 1561 941; baseline -0.001 -19"><span class='ocrx_word' id='word_1_5' title='bbox 246 860 373 924; x_wconf 86' lang='lat' dir='ltr'>Abbati</span> <span class='ocrx_word' id='word_1_6' title='bbox 407 874 440 923; x_wconf 91' lang='lat' dir='ltr'>et</span> <span class='ocrx_word' id='word_1_7' title='bbox 470 859 657 923; x_wconf 90' lang='lat' dir='ltr'>conuentui</span> <span class='ocrx_word' id='word_1_8' title='bbox 691 858 864 941; x_wconf 73' lang='lat' dir='ltr'>predictis</span> <span class='ocrx_word' id='word_1_9' title='bbox 899 858 958 940; x_wconf 92' lang='lat' dir='ltr'>qui</span> <span class='ocrx_word' id='word_1_10' title='bbox 990 869 1072 922; x_wconf 90' lang='lat' dir='ltr'>sunt</span> <span class='ocrx_word' id='word_1_11' title='bbox 1099 870 1132 921; x_wconf 93' lang='lat' dir='ltr'>et</span> <span class='ocrx_word' id='word_1_12' title='bbox 1158 868 1259 920; x_wconf 90' lang='lat' dir='ltr'>erunt</span> <span class='ocrx_word' id='word_1_13' title='bbox 1287 876 1349 937; x_wconf 93' lang='lat' dir='ltr'>pro</span> <span class='ocrx_word' id='word_1_14' title='bbox 1394 859 1561 921; x_wconf 73' lang='lat' dir='ltr'>rtisagreed</span> 
     </span>
     <span class='ocr_line' id='line_1_3' title="bbox 245 926 1522 1041; baseline -0.005 -20"><span class='ocrx_word' id='word_1_15' title='bbox 245 973 410 1040; x_wconf 82' lang='lat' dir='ltr'>ternpore,</span> <span class='ocrx_word' id='word_1_16' title='bbox 430 957 485 1021; x_wconf 92' lang='lat' dir='ltr'>die</span> <span class='ocrx_word' id='word_1_17' title='bbox 503 957 622 1020; x_wconf 87' lang='lat' dir='ltr'>Sancti</span> <span class='ocrx_word' id='word_1_18' title='bbox 643 956 826 1020; x_wconf 86' lang='lat' dir='ltr'>Michaelis</span> <span class='ocrx_word' id='word_1_19' title='bbox 841 956 990 1037; x_wconf 85' lang='lat' dir='ltr'>aliisque</span> <span class='ocrx_word' id='word_1_20' title='bbox 1007 956 1130 1021; x_wconf 90' lang='lat' dir='ltr'>diebus</span> <span class='ocrx_word' id='word_1_21' title='bbox 1155 957 1188 1035; x_wconf 87' lang='lat'>(9</span> <span class='ocrx_word' id='word_1_22' title='bbox 1202 957 1248 1036; x_wconf 88' lang='lat' dir='ltr'>v.)</span> <span class='ocrx_word' id='word_1_23' title='bbox 1265 954 1347 1017; x_wconf 89' lang='lat' dir='ltr'>anni</span> <span class='ocrx_word' id='word_1_24' title='bbox 1364 926 1522 1041; x_wconf 50' lang='grc' dir='ltr'>ἳξξῗὴῖὲιῖῑ</span> 
     </span>
     <span class='ocr_line' id='line_1_4' title="bbox 244 1053 1554 1140; baseline -0.005 -19"><span class='ocrx_word' id='word_1_25' title='bbox 244 1057 397 1140; x_wconf 88' lang='lat' dir='ltr'>singulis</span> <span class='ocrx_word' id='word_1_26' title='bbox 424 1056 457 1118; x_wconf 94' lang='lat' dir='ltr'>in</span> <span class='ocrx_word' id='word_1_27' title='bbox 484 1056 575 1119; x_wconf 90' lang='lat' dir='ltr'>dicta</span> <span class='ocrx_word' id='word_1_28' title='bbox 603 1056 747 1137; x_wconf 76' lang='lat' dir='ltr'>Capella</span> <span class='ocrx_word' id='word_1_29' title='bbox 775 1055 864 1118; x_wconf 85' lang='lat' dir='ltr'>infra</span> <span class='ocrx_word' id='word_1_30' title='bbox 891 1054 978 1119; x_wconf 87' lang='lat' dir='ltr'>fines</span> <span class='ocrx_word' id='word_1_31' title='bbox 1006 1068 1038 1119; x_wconf 92' lang='lat' dir='ltr'>et</span> <span class='ocrx_word' id='word_1_32' title='bbox 1067 1056 1193 1119; x_wconf 89' lang='lat' dir='ltr'>limites</span> <span class='ocrx_word' id='word_1_33' title='bbox 1222 1053 1349 1136; x_wconf 88' lang='lat' dir='ltr'>prefate</span> <span class='ocrx_word' id='word_1_34' title='bbox 1363 1059 1417 1106; x_wconf 79' lang='lat' dir='ltr'>aud</span> <span class='ocrx_word' id='word_1_35' title='bbox 1431 1074 1464 1106; x_wconf 86' lang='lat' dir='ltr'>on</span> <span class='ocrx_word' id='word_1_36' title='bbox 1479 1070 1554 1103; x_wconf 78' lang='lat' dir='ltr'>some</span> 
     </span>
     <span class='ocr_line' id='line_1_5' title="bbox 244 1122 1524 1249; baseline -0.005 -30"><span class='ocrx_word' id='word_1_37' title='bbox 244 1156 387 1220; x_wconf 87' lang='lat' dir='ltr'>ecclesie</span> <span class='ocrx_word' id='word_1_38' title='bbox 415 1155 567 1240; x_wconf 85' lang='lat' dir='ltr'>Rypon’,</span> <span class='ocrx_word' id='word_1_39' title='bbox 594 1168 629 1217; x_wconf 93' lang='lat' dir='ltr'>vt</span> <span class='ocrx_word' id='word_1_40' title='bbox 654 1155 871 1237; x_wconf 83' lang='lat' dir='ltr'>premittitur,</span> <span class='ocrx_word' id='word_1_41' title='bbox 897 1154 1033 1228; x_wconf 87' lang='lat' dir='ltr'>situata,</span> <span class='ocrx_word' id='word_1_42' title='bbox 1055 1155 1154 1218; x_wconf 89' lang='lat' dir='ltr'>liceat</span> <span class='ocrx_word' id='word_1_43' title='bbox 1177 1154 1349 1217; x_wconf 88' lang='lat' dir='ltr'>celebrare</span> <span class='ocrx_word' id='word_1_44' title='bbox 1364 1122 1524 1249; x_wconf 51' lang='grc' dir='ltr'>ξὲἓθῇξζξ</span> 
     </span>
     <span class='ocr_line' id='line_1_6' title="bbox 244 1255 1515 1363; baseline -0.004 -44"><span class='ocrx_word' id='word_1_45' title='bbox 244 1270 277 1319; x_wconf 92' lang='lat' dir='ltr'>et</span> <span class='ocrx_word' id='word_1_46' title='bbox 293 1255 403 1319; x_wconf 88' lang='lat' dir='ltr'>facere</span> <span class='ocrx_word' id='word_1_47' title='bbox 427 1256 591 1319; x_wconf 91' lang='lat' dir='ltr'>celebrari</span> <span class='ocrx_word' id='word_1_48' title='bbox 618 1267 720 1337; x_wconf 93' lang='lat' dir='ltr'>prout</span> <span class='ocrx_word' id='word_1_49' title='bbox 743 1255 793 1317; x_wconf 91' lang='lat' dir='ltr'>eis</span> <span class='ocrx_word' id='word_1_50' title='bbox 817 1255 979 1336; x_wconf 86' lang='lat' dir='ltr'>expedire</span> <span class='ocrx_word' id='word_1_51' title='bbox 1003 1255 1185 1328; x_wconf 90' lang='lat' dir='ltr'>videbitur,</span> <span class='ocrx_word' id='word_1_52' title='bbox 1214 1273 1347 1317; x_wconf 88' lang='lat' dir='ltr'>necnon</span> <span class='ocrx_word' id='word_1_53' title='bbox 1365 1255 1515 1363; x_wconf 57' lang='lat' dir='ltr'>⁵h³i⁵.h.³·vj</span> 
     </span>
     <span class='ocr_line' id='line_1_7' title="bbox 245 1334 1539 1437; baseline -0.002 -20"><span class='ocrx_word' id='word_1_54' title='bbox 245 1355 366 1419; x_wconf 84' lang='lat' dir='ltr'>Abbas</span> <span class='ocrx_word' id='word_1_55' title='bbox 400 1368 432 1419; x_wconf 89' lang='lat' dir='ltr'>et</span> <span class='ocrx_word' id='word_1_56' title='bbox 470 1368 665 1419; x_wconf 88' lang='lat' dir='ltr'>conuentus</span> <span class='ocrx_word' id='word_1_57' title='bbox 705 1355 846 1437; x_wconf 87' lang='lat' dir='ltr'>predicti</span> <span class='ocrx_word' id='word_1_58' title='bbox 888 1355 1078 1437; x_wconf 90' lang='lat' dir='ltr'>percipient</span> <span class='ocrx_word' id='word_1_59' title='bbox 1108 1367 1141 1418; x_wconf 93' lang='lat' dir='ltr'>et</span> <span class='ocrx_word' id='word_1_60' title='bbox 1173 1354 1351 1417; x_wconf 92' lang='lat' dir='ltr'>habebunt</span> <span class='ocrx_word' id='word_1_61' title='bbox 1364 1334 1539 1432; x_wconf 50' lang='lat' dir='ltr'>fflffffiffsswe</span> 
     </span>
     <span class='ocr_line' id='line_1_8' title="bbox 244 1447 1563 1536; baseline -0.002 -19"><span class='ocrx_word' id='word_1_62' title='bbox 244 1454 444 1517; x_wconf 85' lang='lat' dir='ltr'>oblaciones</span> <span class='ocrx_word' id='word_1_63' title='bbox 498 1466 530 1516; x_wconf 92' lang='lat' dir='ltr'>et</span> <span class='ocrx_word' id='word_1_64' title='bbox 576 1454 813 1517; x_wconf 89' lang='lat' dir='ltr'>obuenciones</span> <span class='ocrx_word' id='word_1_65' title='bbox 859 1474 1087 1536; x_wconf 90' lang='lat' dir='ltr'>quascunque</span> <span class='ocrx_word' id='word_1_66' title='bbox 1133 1455 1176 1516; x_wconf 90' lang='lat' dir='ltr'>ad</span> <span class='ocrx_word' id='word_1_67' title='bbox 1222 1447 1563 1516; x_wconf 61' lang='lat' dir='ltr'>dictam¹¹¹e⁰b¹³¹³⁰¹¹⁸³</span> 
     </span>
     <span class='ocr_line' id='line_1_9' title="bbox 245 1552 1351 1636; baseline -0.002 -19"><span class='ocrx_word' id='word_1_68' title='bbox 245 1554 424 1636; x_wconf 84' lang='lat' dir='ltr'>Capellam</span> <span class='ocrx_word' id='word_1_69' title='bbox 444 1553 688 1636; x_wconf 87' lang='lat' dir='ltr'>prouenientes</span> <span class='ocrx_word' id='word_1_70' title='bbox 704 1552 747 1614; x_wconf 89' lang='lat' dir='ltr'>ad</span> <span class='ocrx_word' id='word_1_71' title='bbox 767 1564 967 1635; x_wconf 91' lang='lat' dir='ltr'>perpetuam</span> <span class='ocrx_word' id='word_1_72' title='bbox 982 1552 1118 1616; x_wconf 88' lang='lat' dir='ltr'>firmam</span> <span class='ocrx_word' id='word_1_73' title='bbox 1132 1554 1174 1615; x_wconf 92' lang='lat' dir='ltr'>de</span> <span class='ocrx_word' id='word_1_74' title='bbox 1188 1552 1351 1634; x_wconf 90' lang='lat' dir='ltr'>Capitulo</span> 
     </span>
    </p>

    <p class='ocr_par' dir='ltr' id='par_1_3' title="bbox 244 1651 1569 2933">
     <span class='ocr_line' id='line_1_10' title="bbox 246 1651 1548 1736; baseline -0.003 -20"><span class='ocrx_word' id='word_1_75' title='bbox 246 1654 437 1718; x_wconf 89' lang='lat' dir='ltr'>memorato</span> <span class='ocrx_word' id='word_1_76' title='bbox 455 1678 461 1729; x_wconf 88' lang='lat'>;</span> <span class='ocrx_word' id='word_1_77' title='bbox 479 1652 687 1717; x_wconf 76' lang='lat' dir='ltr'>&#39;Reddendo</span> <span class='ocrx_word' id='word_1_78' title='bbox 715 1653 795 1716; x_wconf 93' lang='lat' dir='ltr'>inde</span> <span class='ocrx_word' id='word_1_79' title='bbox 822 1653 926 1717; x_wconf 89' lang='lat' dir='ltr'>annis</span> <span class='ocrx_word' id='word_1_80' title='bbox 953 1652 1105 1736; x_wconf 92' lang='lat' dir='ltr'>singulis</span> <span class='ocrx_word' id='word_1_81' title='bbox 1134 1652 1167 1713; x_wconf 96' lang='lat' dir='ltr'>in</span> <span class='ocrx_word' id='word_1_82' title='bbox 1197 1651 1348 1713; x_wconf 83' lang='lat' dir='ltr'>futurum</span> <span class='ocrx_word' id='word_1_83' title='bbox 1367 1673 1548 1734; x_wconf 75' lang='lat' dir='ltr'>returningio</span> 
     </span>
     <span class='ocr_line' id='line_1_11' title="bbox 246 1738 1548 1851; baseline -0.002 -35"><span class='ocrx_word' id='word_1_84' title='bbox 246 1755 399 1835; x_wconf 91' lang='lat' dir='ltr'>predicto</span> <span class='ocrx_word' id='word_1_85' title='bbox 431 1753 594 1836; x_wconf 91' lang='lat' dir='ltr'>Capitulo</span> <span class='ocrx_word' id='word_1_86' title='bbox 626 1752 660 1814; x_wconf 95' lang='lat' dir='ltr'>in</span> <span class='ocrx_word' id='word_1_87' title='bbox 689 1752 835 1815; x_wconf 88' lang='lat' dir='ltr'>ecclesia</span> <span class='ocrx_word' id='word_1_88' title='bbox 863 1751 1002 1835; x_wconf 84' lang='lat' dir='ltr'>Rypon’</span> <span class='ocrx_word' id='word_1_89' title='bbox 1029 1751 1180 1834; x_wconf 91' lang='lat' dir='ltr'>predicta</span> <span class='ocrx_word' id='word_1_90' title='bbox 1205 1750 1238 1812; x_wconf 94' lang='lat' dir='ltr'>in</span> <span class='ocrx_word' id='word_1_91' title='bbox 1266 1748 1351 1814; x_wconf 85' lang='lat' dir='ltr'>festo</span> <span class='ocrx_word' id='word_1_92' title='bbox 1367 1738 1548 1851; x_wconf 46' lang='lat' dir='ltr'>{flegihzl&#39;oe‘</span> 
     </span>
     <span class='ocr_line' id='line_1_12' title="bbox 247 1838 1460 1933; baseline 0.002 -17"><span class='ocrx_word' id='word_1_93' title='bbox 247 1854 484 1918; x_wconf 87' lang='lat' dir='ltr'>Exaltacionis</span> <span class='ocrx_word' id='word_1_94' title='bbox 523 1855 650 1917; x_wconf 85' lang='lat' dir='ltr'>Sancte</span> <span class='ocrx_word' id='word_1_95' title='bbox 689 1851 983 1915; x_wconf 91' lang='lat' dir='ltr'>Crucisracione</span> <span class='ocrx_word' id='word_1_96' title='bbox 1014 1865 1047 1914; x_wconf 93' lang='lat' dir='ltr'>et</span> <span class='ocrx_word' id='word_1_97' title='bbox 1080 1850 1221 1914; x_wconf 87' lang='lat' dir='ltr'>nomine</span> <span class='ocrx_word' id='word_1_98' title='bbox 1252 1848 1351 1911; x_wconf 90' lang='lat' dir='ltr'>firme</span> <span class='ocrx_word' id='word_1_99' title='bbox 1367 1838 1460 1933; x_wconf 63' lang='lat' dir='ltr'>y&#39;e&#39;ar.¹</span> 
     </span>
     <span class='ocr_line' id='line_1_13' title="bbox 246 1950 1507 2035; baseline -0.004 -19"><span class='ocrx_word' id='word_1_100' title='bbox 246 1954 406 2035; x_wconf 84' lang='lat' dir='ltr'>predicte,</span> <span class='ocrx_word' id='word_1_101' title='bbox 427 1954 516 2017; x_wconf 90' lang='lat' dir='ltr'>duos</span> <span class='ocrx_word' id='word_1_102' title='bbox 532 1953 663 2017; x_wconf 92' lang='lat' dir='ltr'>solidos</span> <span class='ocrx_word' id='word_1_103' title='bbox 680 1966 713 2016; x_wconf 93' lang='lat' dir='ltr'>et</span> <span class='ocrx_word' id='word_1_104' title='bbox 729 1974 790 2015; x_wconf 84' lang='lat' dir='ltr'>sex</span> <span class='ocrx_word' id='word_1_105' title='bbox 813 1952 976 2016; x_wconf 92' lang='lat' dir='ltr'>denarios</span> <span class='ocrx_word' id='word_1_106' title='bbox 1000 1951 1249 2034; x_wconf 88' lang='lat' dir='ltr'>sterlingorum</span> <span class='ocrx_word' id='word_1_107' title='bbox 1275 1950 1351 2013; x_wconf 89' lang='lat' dir='ltr'>sine</span> <span class='ocrx_word' id='word_1_108' title='bbox 1399 1972 1459 2021; x_wconf 79' lang='lat' dir='ltr'>And</span> <span class='ocrx_word' id='word_1_109' title='bbox 1473 1987 1507 2020; x_wconf 85' lang='lat' dir='ltr'>no</span> 
     </span>
     <span class='ocr_line' id='line_1_14' title="bbox 245 2038 1558 2153; baseline -0.003 -39"><span class='ocrx_word' id='word_1_110' title='bbox 245 2053 397 2117; x_wconf 91' lang='lat' dir='ltr'>vlteriori</span> <span class='ocrx_word' id='word_1_111' title='bbox 414 2054 586 2118; x_wconf 91' lang='lat' dir='ltr'>dilacione</span> <span class='ocrx_word' id='word_1_112' title='bbox 603 2077 610 2126; x_wconf 80' lang='lat'>3</span> <span class='ocrx_word' id='word_1_113' title='bbox 637 2052 812 2137; x_wconf 77' lang='lat' dir='ltr'>Quodque</span> <span class='ocrx_word' id='word_1_114' title='bbox 830 2053 948 2116; x_wconf 91' lang='lat' dir='ltr'>nullus</span> <span class='ocrx_word' id='word_1_115' title='bbox 962 2051 1174 2134; x_wconf 89' lang='lat' dir='ltr'>Capellanus</span> <span class='ocrx_word' id='word_1_116' title='bbox 1191 2051 1243 2113; x_wconf 91' lang='lat' dir='ltr'>vel</span> <span class='ocrx_word' id='word_1_117' title='bbox 1261 2049 1352 2112; x_wconf 90' lang='lat' dir='ltr'>alius</span> <span class='ocrx_word' id='word_1_118' title='bbox 1367 2038 1558 2153; x_wconf 50' lang='lat' dir='ltr'>ssi&#39;ffgiaissssss„</span> 
     </span>
     <span class='ocr_line' id='line_1_15' title="bbox 245 2119 1550 2236; baseline 0.001 -23"><span class='ocrx_word' id='word_1_119' title='bbox 245 2152 477 2235; x_wconf 90' lang='lat' dir='ltr'>quiscumque</span> <span class='ocrx_word' id='word_1_120' title='bbox 496 2153 637 2217; x_wconf 90' lang='lat' dir='ltr'>nomine</span> <span class='ocrx_word' id='word_1_121' title='bbox 654 2154 707 2217; x_wconf 92' lang='lat' dir='ltr'>vel</span> <span class='ocrx_word' id='word_1_122' title='bbox 732 2175 774 2217; x_wconf 81' lang='lat' dir='ltr'>ex</span> <span class='ocrx_word' id='word_1_123' title='bbox 799 2166 895 2236; x_wconf 89' lang='lat' dir='ltr'>parte</span> <span class='ocrx_word' id='word_1_124' title='bbox 919 2152 998 2216; x_wconf 89' lang='lat' dir='ltr'>dicti</span> <span class='ocrx_word' id='word_1_125' title='bbox 1025 2151 1176 2234; x_wconf 87' lang='lat' dir='ltr'>Capituli</span> <span class='ocrx_word' id='word_1_126' title='bbox 1203 2151 1235 2212; x_wconf 92' lang='lat' dir='ltr'>in</span> <span class='ocrx_word' id='word_1_127' title='bbox 1261 2150 1352 2214; x_wconf 86' lang='lat' dir='ltr'>dicta</span> <span class='ocrx_word' id='word_1_128' title='bbox 1367 2186 1401 2218; x_wconf 82' lang='lat' dir='ltr'>on</span> <span class='ocrx_word' id='word_1_129' title='bbox 1416 2119 1550 2218; x_wconf 59' lang='lat' dir='ltr'>beliiuf&#39;of</span> 
     </span>
     <span class='ocr_line' id='line_1_16' title="bbox 246 2234 1548 2349; baseline -0.005 -32"><span class='ocrx_word' id='word_1_130' title='bbox 246 2253 389 2335; x_wconf 84' lang='lat' dir='ltr'>Capella</span> <span class='ocrx_word' id='word_1_131' title='bbox 435 2253 490 2317; x_wconf 92' lang='lat' dir='ltr'>die</span> <span class='ocrx_word' id='word_1_132' title='bbox 534 2253 652 2317; x_wconf 89' lang='lat' dir='ltr'>Sancti</span> <span class='ocrx_word' id='word_1_133' title='bbox 702 2253 886 2317; x_wconf 90' lang='lat' dir='ltr'>Michaelis</span> <span class='ocrx_word' id='word_1_134' title='bbox 931 2253 1054 2317; x_wconf 90' lang='lat' dir='ltr'>aliisve</span> <span class='ocrx_word' id='word_1_135' title='bbox 1100 2252 1223 2316; x_wconf 87' lang='lat' dir='ltr'>diebus</span> <span class='ocrx_word' id='word_1_136' title='bbox 1268 2250 1350 2313; x_wconf 90' lang='lat' dir='ltr'>anni</span> <span class='ocrx_word' id='word_1_137' title='bbox 1368 2234 1548 2349; x_wconf 42' lang='lat' dir='ltr'>diffidit&amp;</span> 
     </span>
     <span class='ocr_line' id='line_1_17' title="bbox 245 2352 1490 2441; baseline -0.003 -25"><span class='ocrx_word' id='word_1_138' title='bbox 245 2354 432 2416; x_wconf 85' lang='lat' dir='ltr'>celebrabit</span> <span class='ocrx_word' id='word_1_139' title='bbox 477 2375 537 2417; x_wconf 91' lang='lat' dir='ltr'>seu</span> <span class='ocrx_word' id='word_1_140' title='bbox 586 2352 685 2417; x_wconf 88' lang='lat' dir='ltr'>faciet</span> <span class='ocrx_word' id='word_1_141' title='bbox 728 2354 905 2431; x_wconf 86' lang='lat' dir='ltr'>celebrari,</span> <span class='ocrx_word' id='word_1_142' title='bbox 952 2354 1004 2417; x_wconf 87' lang='lat' dir='ltr'>vel</span> <span class='ocrx_word' id='word_1_143' title='bbox 1048 2352 1248 2416; x_wconf 85' lang='lat' dir='ltr'>oblaciones</span> <span class='ocrx_word' id='word_1_144' title='bbox 1290 2373 1351 2415; x_wconf 90' lang='lat' dir='ltr'>seu</span> <span class='ocrx_word' id='word_1_145' title='bbox 1368 2368 1446 2441; x_wconf 65' lang='lat' dir='ltr'>braie</span> <span class='ocrx_word' id='word_1_146' title='bbox 1458 2380 1490 2413; x_wconf 80' lang='lat' dir='ltr'>or</span> 
     </span>
     <span class='ocr_line' id='line_1_18' title="bbox 246 2429 1569 2545; baseline -0.002 -29"><span class='ocrx_word' id='word_1_147' title='bbox 246 2452 482 2516; x_wconf 87' lang='lat' dir='ltr'>obuenciones</span> <span class='ocrx_word' id='word_1_148' title='bbox 514 2453 555 2516; x_wconf 93' lang='lat' dir='ltr'>de</span> <span class='ocrx_word' id='word_1_149' title='bbox 587 2453 716 2535; x_wconf 91' lang='lat' dir='ltr'>quibus</span> <span class='ocrx_word' id='word_1_150' title='bbox 747 2468 780 2517; x_wconf 90' lang='lat' dir='ltr'>et</span> <span class='ocrx_word' id='word_1_151' title='bbox 812 2466 914 2535; x_wconf 92' lang='lat' dir='ltr'>prout</span> <span class='ocrx_word' id='word_1_152' title='bbox 950 2452 1157 2535; x_wconf 89' lang='lat' dir='ltr'>premittitur</span> <span class='ocrx_word' id='word_1_153' title='bbox 1188 2451 1353 2534; x_wconf 87' lang='lat' dir='ltr'>percipiet</span> <span class='ocrx_word' id='word_1_154' title='bbox 1367 2429 1569 2545; x_wconf 48' lang='lat' dir='ltr'>{ffirfjffifflsse</span> 
     </span>
     <span class='ocr_line' id='line_1_19' title="bbox 244 2550 1445 2634; baseline -0.002 -21"><span class='ocrx_word' id='word_1_155' title='bbox 244 2551 425 2633; x_wconf 91' lang='lat' dir='ltr'>aliquales,</span> <span class='ocrx_word' id='word_1_156' title='bbox 446 2565 497 2615; x_wconf 90' lang='lat' dir='ltr'>set</span> <span class='ocrx_word' id='word_1_157' title='bbox 514 2552 608 2634; x_wconf 90' lang='lat' dir='ltr'>quod</span> <span class='ocrx_word' id='word_1_158' title='bbox 626 2552 748 2617; x_wconf 88' lang='lat' dir='ltr'>Abbas</span> <span class='ocrx_word' id='word_1_159' title='bbox 765 2567 798 2616; x_wconf 93' lang='lat' dir='ltr'>et</span> <span class='ocrx_word' id='word_1_160' title='bbox 814 2567 1008 2616; x_wconf 88' lang='lat' dir='ltr'>conventus</span> <span class='ocrx_word' id='word_1_161' title='bbox 1026 2551 1183 2634; x_wconf 89' lang='lat' dir='ltr'>prelibati</span> <span class='ocrx_word' id='word_1_162' title='bbox 1203 2551 1236 2614; x_wconf 92' lang='lat' dir='ltr'>in</span> <span class='ocrx_word' id='word_1_163' title='bbox 1262 2550 1353 2614; x_wconf 91' lang='lat' dir='ltr'>dicta</span> <span class='ocrx_word' id='word_1_164' title='bbox 1367 2563 1445 2624; x_wconf 68' lang='lat' dir='ltr'>days.</span> 
     </span>
     <span class='ocr_line' id='line_1_20' title="bbox 246 2649 1350 2736; baseline -0.002 -21"><span class='ocrx_word' id='word_1_165' title='bbox 246 2651 389 2733; x_wconf 89' lang='lat' dir='ltr'>Capella</span> <span class='ocrx_word' id='word_1_166' title='bbox 431 2665 467 2714; x_wconf 91' lang='lat' dir='ltr'>vt</span> <span class='ocrx_word' id='word_1_167' title='bbox 514 2652 723 2733; x_wconf 89' lang='lat' dir='ltr'>premittitur</span> <span class='ocrx_word' id='word_1_168' title='bbox 767 2653 871 2717; x_wconf 91' lang='lat' dir='ltr'>annis</span> <span class='ocrx_word' id='word_1_169' title='bbox 917 2652 1069 2736; x_wconf 88' lang='lat' dir='ltr'>singulis</span> <span class='ocrx_word' id='word_1_170' title='bbox 1117 2652 1151 2713; x_wconf 92' lang='lat' dir='ltr'>in</span> <span class='ocrx_word' id='word_1_171' title='bbox 1199 2649 1350 2713; x_wconf 87' lang='lat' dir='ltr'>futurum</span> 
     </span>
     <span class='ocr_line' id='line_1_21' title="bbox 246 2750 1353 2828; baseline 0 -14"><span class='ocrx_word' id='word_1_172' title='bbox 246 2751 470 2814; x_wconf 89' lang='lat' dir='ltr'>celebrabunt</span> <span class='ocrx_word' id='word_1_173' title='bbox 501 2764 534 2814; x_wconf 91' lang='lat' dir='ltr'>et</span> <span class='ocrx_word' id='word_1_174' title='bbox 562 2750 687 2816; x_wconf 88' lang='lat' dir='ltr'>facient</span> <span class='ocrx_word' id='word_1_175' title='bbox 710 2752 900 2828; x_wconf 73' lang='lat' dir='ltr'>celebrari,</span> <span class='ocrx_word' id='word_1_176' title='bbox 934 2773 1067 2816; x_wconf 91' lang='lat' dir='ltr'>necnon</span> <span class='ocrx_word' id='word_1_177' title='bbox 1097 2751 1297 2815; x_wconf 89' lang='lat' dir='ltr'>oblaciones</span> <span class='ocrx_word' id='word_1_178' title='bbox 1321 2764 1353 2814; x_wconf 88' lang='lat' dir='ltr'>et</span> 
     </span>
     <span class='ocr_line' id='line_1_22' title="bbox 246 2850 1354 2933; baseline 0 -21"><span class='ocrx_word' id='word_1_179' title='bbox 246 2850 482 2913; x_wconf 86' lang='lat' dir='ltr'>obuenciones</span> <span class='ocrx_word' id='word_1_180' title='bbox 512 2851 702 2933; x_wconf 89' lang='lat' dir='ltr'>percipient</span> <span class='ocrx_word' id='word_1_181' title='bbox 728 2866 761 2915; x_wconf 90' lang='lat' dir='ltr'>et</span> <span class='ocrx_word' id='word_1_182' title='bbox 793 2852 972 2916; x_wconf 87' lang='lat' dir='ltr'>habebunt</span> <span class='ocrx_word' id='word_1_183' title='bbox 1000 2863 1219 2926; x_wconf 86' lang='lat' dir='ltr'>memoratas,</span> <span class='ocrx_word' id='word_1_184' title='bbox 1252 2862 1354 2933; x_wconf 93' lang='lat' dir='ltr'>prout</span> 
     </span>
    </p>

    <p class='ocr_par' dir='ltr' id='par_1_4' title="bbox 245 2949 1568 3531">
     <span class='ocr_line' id='line_1_23' title="bbox 246 2949 1568 3033; baseline 0.001 -21"><span class='ocrx_word' id='word_1_185' title='bbox 246 2949 295 3013; x_wconf 91' lang='lat' dir='ltr'>eis</span> <span class='ocrx_word' id='word_1_186' title='bbox 339 2949 525 3013; x_wconf 74' lang='lat' dir='ltr'>videbitur.</span> <span class='ocrx_word' id='word_1_187' title='bbox 553 2951 739 3033; x_wconf 87' lang='lat' dir='ltr'>expedire;</span> <span class='ocrx_word' id='word_1_188' title='bbox 783 2952 833 3014; x_wconf 88' lang='lat' dir='ltr'>lta</span> <span class='ocrx_word' id='word_1_189' title='bbox 873 2968 986 3014; x_wconf 89' lang='lat' dir='ltr'>tamen</span> <span class='ocrx_word' id='word_1_190' title='bbox 1027 2952 1120 3033; x_wconf 94' lang='lat' dir='ltr'>quod</span> <span class='ocrx_word' id='word_1_191' title='bbox 1161 2951 1282 3015; x_wconf 78' lang='lat' dir='ltr'>Abbas</span> <span class='ocrx_word' id='word_1_192' title='bbox 1320 2963 1353 3014; x_wconf 90' lang='lat' dir='ltr'>et</span> <span class='ocrx_word' id='word_1_193' title='bbox 1402 2957 1568 3005; x_wconf 78' lang='lat' dir='ltr'>Yetsothat</span> 
     </span>
     <span class='ocr_line' id='line_1_24' title="bbox 246 3022 1522 3136; baseline 0.002 -25"><span class='ocrx_word' id='word_1_194' title='bbox 246 3062 441 3113; x_wconf 90' lang='lat' dir='ltr'>conuentus</span> <span class='ocrx_word' id='word_1_195' title='bbox 459 3042 639 3112; x_wconf 88' lang='lat' dir='ltr'>memorati</span> <span class='ocrx_word' id='word_1_196' title='bbox 656 3051 716 3133; x_wconf 90' lang='lat' dir='ltr'>qui</span> <span class='ocrx_word' id='word_1_197' title='bbox 738 3065 819 3115; x_wconf 91' lang='lat' dir='ltr'>sunt</span> <span class='ocrx_word' id='word_1_198' title='bbox 839 3063 873 3114; x_wconf 94' lang='lat' dir='ltr'>et</span> <span class='ocrx_word' id='word_1_199' title='bbox 892 3064 993 3114; x_wconf 89' lang='lat' dir='ltr'>erunt</span> <span class='ocrx_word' id='word_1_200' title='bbox 1017 3072 1079 3133; x_wconf 92' lang='lat' dir='ltr'>pro</span> <span class='ocrx_word' id='word_1_201' title='bbox 1103 3064 1268 3133; x_wconf 88' lang='lat' dir='ltr'>tempore,</span> <span class='ocrx_word' id='word_1_202' title='bbox 1291 3070 1352 3114; x_wconf 87' lang='lat' dir='ltr'>nec</span> <span class='ocrx_word' id='word_1_203' title='bbox 1367 3022 1522 3136; x_wconf 55' lang='lat' dir='ltr'>[ffiffley</span> 
     </span>
     <span class='ocr_line' id='line_1_25' title="bbox 245 3148 1523 3232; baseline 0.004 -21"><span class='ocrx_word' id='word_1_204' title='bbox 245 3148 373 3231; x_wconf 88' lang='lat' dir='ltr'>aliquis</span> <span class='ocrx_word' id='word_1_205' title='bbox 401 3149 554 3230; x_wconf 90' lang='lat' dir='ltr'>ipsorum</span> <span class='ocrx_word' id='word_1_206' title='bbox 586 3150 738 3225; x_wconf 91' lang='lat' dir='ltr'>nomine,</span> <span class='ocrx_word' id='word_1_207' title='bbox 770 3149 803 3211; x_wconf 94' lang='lat' dir='ltr'>in</span> <span class='ocrx_word' id='word_1_208' title='bbox 836 3150 927 3213; x_wconf 90' lang='lat' dir='ltr'>dicta</span> <span class='ocrx_word' id='word_1_209' title='bbox 958 3150 1090 3232; x_wconf 90' lang='lat' dir='ltr'>capella</span> <span class='ocrx_word' id='word_1_210' title='bbox 1122 3162 1347 3224; x_wconf 88' lang='lat' dir='ltr'>sacramenta,</span> <span class='ocrx_word' id='word_1_211' title='bbox 1367 3154 1482 3216; x_wconf 71' lang='lat' dir='ltr'>nothing</span> <span class='ocrx_word' id='word_1_212' title='bbox 1495 3160 1523 3200; x_wconf 85' lang='lat'>¹⁰</span> 
     </span>
     <span class='ocr_line' id='line_1_26' title="bbox 245 3219 1555 3346; baseline -0.003 -33"><span class='ocrx_word' id='word_1_213' title='bbox 245 3249 521 3325; x_wconf 84' lang='lat' dir='ltr'>sacramentalia,</span> <span class='ocrx_word' id='word_1_214' title='bbox 543 3250 595 3312; x_wconf 90' lang='lat' dir='ltr'>vel</span> <span class='ocrx_word' id='word_1_215' title='bbox 613 3249 708 3312; x_wconf 86' lang='lat' dir='ltr'>aliud</span> <span class='ocrx_word' id='word_1_216' title='bbox 729 3249 917 3331; x_wconf 89' lang='lat' dir='ltr'>quicquam</span> <span class='ocrx_word' id='word_1_217' title='bbox 943 3250 1035 3332; x_wconf 90' lang='lat' dir='ltr'>quod</span> <span class='ocrx_word' id='word_1_218' title='bbox 1062 3250 1094 3310; x_wconf 92' lang='lat' dir='ltr'>in</span> <span class='ocrx_word' id='word_1_219' title='bbox 1123 3248 1349 3331; x_wconf 87' lang='lat' dir='ltr'>preludicium</span> <span class='ocrx_word' id='word_1_220' title='bbox 1366 3219 1506 3346; x_wconf 50' lang='grc' dir='ltr'>ζὲῗζξῐξξ</span> <span class='ocrx_word' id='word_1_221' title='bbox 1510 3283 1555 3332; x_wconf 83' lang='lat' dir='ltr'>the</span> 
     </span>
     <span class='ocr_line' id='line_1_27' title="bbox 246 3346 1496 3431; baseline -0.003 -20"><span class='ocrx_word' id='word_1_222' title='bbox 246 3348 335 3411; x_wconf 89' lang='lat' dir='ltr'>dicte</span> <span class='ocrx_word' id='word_1_223' title='bbox 358 3349 439 3411; x_wconf 84' lang='lat' dir='ltr'>eccl.</span> <span class='ocrx_word' id='word_1_224' title='bbox 470 3346 611 3431; x_wconf 91' lang='lat' dir='ltr'>Rypon’</span> <span class='ocrx_word' id='word_1_225' title='bbox 629 3349 749 3412; x_wconf 90' lang='lat' dir='ltr'>cedere</span> <span class='ocrx_word' id='word_1_226' title='bbox 775 3349 909 3431; x_wconf 88' lang='lat' dir='ltr'>poterit,</span> <span class='ocrx_word' id='word_1_227' title='bbox 934 3350 986 3412; x_wconf 90' lang='lat' dir='ltr'>vel</span> <span class='ocrx_word' id='word_1_228' title='bbox 1012 3349 1122 3412; x_wconf 94' lang='lat' dir='ltr'>eidem</span> <span class='ocrx_word' id='word_1_229' title='bbox 1148 3348 1291 3412; x_wconf 86' lang='lat' dir='ltr'>ecclesie</span> <span class='ocrx_word' id='word_1_230' title='bbox 1316 3348 1349 3409; x_wconf 94' lang='lat' dir='ltr'>in</span> <span class='ocrx_word' id='word_1_231' title='bbox 1367 3352 1496 3413; x_wconf 75' lang='lat' dir='ltr'>Chapter,</span> 
     </span>
     <span class='ocr_line' id='line_1_28' title="bbox 245 3445 1351 3531; baseline -0.001 -21"><span class='ocrx_word' id='word_1_232' title='bbox 245 3447 387 3531; x_wconf 75' lang='lat' dir='ltr'>juribus</span> <span class='ocrx_word' id='word_1_233' title='bbox 403 3449 477 3511; x_wconf 91' lang='lat' dir='ltr'>suis</span> <span class='ocrx_word' id='word_1_234' title='bbox 495 3448 753 3529; x_wconf 89' lang='lat' dir='ltr'>parochialibus</span> <span class='ocrx_word' id='word_1_235' title='bbox 769 3449 961 3531; x_wconf 91' lang='lat' dir='ltr'>dampnum</span> <span class='ocrx_word' id='word_1_236' title='bbox 979 3449 1214 3531; x_wconf 90' lang='lat' dir='ltr'>quouismodo</span> <span class='ocrx_word' id='word_1_237' title='bbox 1229 3445 1351 3510; x_wconf 85' lang='lat' dir='ltr'>afferre</span> 
     </span>
    </p>

    <p class='ocr_par' dir='ltr' id='par_1_5' title="bbox 245 3546 1566 4029">
     <span class='ocr_line' id='line_1_29' title="bbox 246 3546 1469 3638; baseline 0 -28"><span class='ocrx_word' id='word_1_238' title='bbox 246 3546 382 3623; x_wconf 83' lang='lat' dir='ltr'>facient,</span> <span class='ocrx_word' id='word_1_239' title='bbox 430 3547 686 3625; x_wconf 88' lang='lat' dir='ltr'>ministrabunt,</span> <span class='ocrx_word' id='word_1_240' title='bbox 728 3551 947 3626; x_wconf 88' lang='lat' dir='ltr'>exercebunt,</span> <span class='ocrx_word' id='word_1_241' title='bbox 990 3547 1099 3625; x_wconf 87' lang='lat' dir='ltr'>faciet,</span> <span class='ocrx_word' id='word_1_242' title='bbox 1143 3549 1352 3613; x_wconf 91' lang='lat' dir='ltr'>ministrabit</span> <span class='ocrx_word' id='word_1_243' title='bbox 1365 3565 1469 3638; x_wconf 65' lang='lat' dir='ltr'>always</span> 
     </span>
     <span class='ocr_line' id='line_1_30' title="bbox 245 3626 1566 3756; baseline 0 -46"><span class='ocrx_word' id='word_1_244' title='bbox 245 3645 442 3729; x_wconf 89' lang='lat' dir='ltr'>aliqualiter</span> <span class='ocrx_word' id='word_1_245' title='bbox 458 3668 518 3710; x_wconf 86' lang='lat' dir='ltr'>seu</span> <span class='ocrx_word' id='word_1_246' title='bbox 536 3649 709 3712; x_wconf 87' lang='lat' dir='ltr'>exercebit</span> <span class='ocrx_word' id='word_1_247' title='bbox 724 3673 731 3724; x_wconf 90' lang='grc'>;</span> <span class='ocrx_word' id='word_1_248' title='bbox 757 3650 866 3712; x_wconf 85' lang='lat' dir='ltr'>Salva</span> <span class='ocrx_word' id='word_1_249' title='bbox 883 3670 1020 3731; x_wconf 89' lang='lat' dir='ltr'>semper</span> <span class='ocrx_word' id='word_1_250' title='bbox 1040 3649 1141 3712; x_wconf 90' lang='lat' dir='ltr'>dictis</span> <span class='ocrx_word' id='word_1_251' title='bbox 1165 3648 1293 3712; x_wconf 89' lang='lat' dir='ltr'>Abbati</span> <span class='ocrx_word' id='word_1_252' title='bbox 1318 3660 1352 3712; x_wconf 92' lang='lat' dir='ltr'>et</span> <span class='ocrx_word' id='word_1_253' title='bbox 1367 3644 1465 3756; x_wconf 53' lang='grc' dir='ltr'>’ξζὲζξ</span> <span class='ocrx_word' id='word_1_254' title='bbox 1475 3626 1566 3740; x_wconf 52' lang='grc' dir='ltr'>ζζθῐικ</span> 
     </span>
     <span class='ocr_line' id='line_1_31' title="bbox 246 3729 1555 3829; baseline -0.005 -18"><span class='ocrx_word' id='word_1_255' title='bbox 246 3747 433 3811; x_wconf 86' lang='lat' dir='ltr'>conuentui</span> <span class='ocrx_word' id='word_1_256' title='bbox 452 3745 613 3810; x_wconf 89' lang='lat' dir='ltr'>facultate</span> <span class='ocrx_word' id='word_1_257' title='bbox 628 3746 749 3809; x_wconf 88' lang='lat' dir='ltr'>diuina</span> <span class='ocrx_word' id='word_1_258' title='bbox 772 3747 806 3809; x_wconf 92' lang='lat' dir='ltr'>in</span> <span class='ocrx_word' id='word_1_259' title='bbox 831 3747 923 3810; x_wconf 86' lang='lat' dir='ltr'>dicta</span> <span class='ocrx_word' id='word_1_260' title='bbox 940 3747 1083 3829; x_wconf 86' lang='lat' dir='ltr'>Capella</span> <span class='ocrx_word' id='word_1_261' title='bbox 1098 3747 1294 3811; x_wconf 90' lang='lat' dir='ltr'>celebrandi</span> <span class='ocrx_word' id='word_1_262' title='bbox 1319 3759 1352 3810; x_wconf 94' lang='lat' dir='ltr'>et</span> <span class='ocrx_word' id='word_1_263' title='bbox 1367 3729 1454 3822; x_wconf 69' lang='lat' dir='ltr'>¹rights</span> <span class='ocrx_word' id='word_1_264' title='bbox 1467 3758 1555 3806; x_wconf 83' lang='lat' dir='ltr'>above</span> 
     </span>
     <span class='ocr_line' id='line_1_32' title="bbox 247 3825 1518 3928; baseline -0.001 -19"><span class='ocrx_word' id='word_1_265' title='bbox 247 3846 393 3928; x_wconf 80' lang='lat' dir='ltr'>faciendi</span> <span class='ocrx_word' id='word_1_266' title='bbox 426 3847 609 3923; x_wconf 86' lang='lat' dir='ltr'>celebrare,</span> <span class='ocrx_word' id='word_1_267' title='bbox 644 3868 684 3910; x_wconf 89' lang='lat' dir='ltr'>ac</span> <span class='ocrx_word' id='word_1_268' title='bbox 715 3848 916 3911; x_wconf 88' lang='lat' dir='ltr'>oblaciones</span> <span class='ocrx_word' id='word_1_269' title='bbox 947 3861 980 3910; x_wconf 91' lang='lat' dir='ltr'>et</span> <span class='ocrx_word' id='word_1_270' title='bbox 1010 3847 1245 3911; x_wconf 91' lang='lat' dir='ltr'>obuenciones</span> <span class='ocrx_word' id='word_1_271' title='bbox 1278 3867 1352 3928; x_wconf 91' lang='lat' dir='ltr'>per·</span> <span class='ocrx_word' id='word_1_272' title='bbox 1367 3825 1518 3875; x_wconf 64' lang='lat' dir='ltr'>⁰⁰¹¹⁶⁶d⁸d‘</span> 
     </span>
     <span class='ocr_line' id='line_1_33' title="bbox 247 3946 1351 4029; baseline -0.002 -19"><span class='ocrx_word' id='word_1_273' title='bbox 247 3946 397 4028; x_wconf 92' lang='lat' dir='ltr'>cipiendi</span> <span class='ocrx_word' id='word_1_274' title='bbox 415 3960 448 4008; x_wconf 93' lang='lat' dir='ltr'>et</span> <span class='ocrx_word' id='word_1_275' title='bbox 458 3946 627 4021; x_wconf 89' lang='lat' dir='ltr'>habendi,</span> <span class='ocrx_word' id='word_1_276' title='bbox 645 3961 747 4028; x_wconf 92' lang='lat' dir='ltr'>prout</span> <span class='ocrx_word' id='word_1_277' title='bbox 759 3947 922 4029; x_wconf 90' lang='lat' dir='ltr'>superius</span> <span class='ocrx_word' id='word_1_278' title='bbox 934 3961 985 4011; x_wconf 88' lang='lat' dir='ltr'>est</span> <span class='ocrx_word' id='word_1_279' title='bbox 997 3968 1212 4029; x_wconf 87' lang='lat' dir='ltr'>expressum.</span> <span class='ocrx_word' id='word_1_280' title='bbox 1263 3946 1307 4009; x_wconf 89' lang='lat' dir='ltr'>Et</span> <span class='ocrx_word' id='word_1_281' title='bbox 1323 3946 1351 4010; x_wconf 94' lang='lat' dir='ltr'>si</span> 
     </span>
    </p>

    <p class='ocr_par' dir='ltr' id='par_1_6' title="bbox 247 4026 1567 4429">
     <span class='ocr_line' id='line_1_34' title="bbox 247 4026 1567 4139; baseline 0.001 -30"><span class='ocrx_word' id='word_1_282' title='bbox 247 4046 429 4130; x_wconf 88' lang='lat' dir='ltr'>contingat</span> <span class='ocrx_word' id='word_1_283' title='bbox 445 4045 574 4108; x_wconf 91' lang='lat' dir='ltr'>dictum</span> <span class='ocrx_word' id='word_1_284' title='bbox 592 4067 749 4109; x_wconf 88' lang='lat' dir='ltr'>annuum</span> <span class='ocrx_word' id='word_1_285' title='bbox 768 4068 910 4111; x_wconf 89' lang='lat' dir='ltr'>censum</span> <span class='ocrx_word' id='word_1_286' title='bbox 931 4047 1071 4110; x_wconf 92' lang='lat' dir='ltr'>nomine</span> <span class='ocrx_word' id='word_1_287' title='bbox 1088 4046 1185 4110; x_wconf 87' lang='lat' dir='ltr'>firme</span> <span class='ocrx_word' id='word_1_288' title='bbox 1203 4047 1352 4128; x_wconf 88' lang='lat' dir='ltr'>predicte</span> <span class='ocrx_word' id='word_1_289' title='bbox 1368 4026 1567 4139; x_wconf 49' lang='lat' dir='ltr'>dfflffiw</span> 
     </span>
     <span class='ocr_line' id='line_1_35' title="bbox 247 4145 1567 4210; baseline -0.005 -1"><span class='ocrx_word' id='word_1_290' title='bbox 247 4146 395 4209; x_wconf 89' lang='lat' dir='ltr'>duorum</span> <span class='ocrx_word' id='word_1_291' title='bbox 424 4145 615 4209; x_wconf 91' lang='lat' dir='ltr'>solidorum</span> <span class='ocrx_word' id='word_1_292' title='bbox 645 4160 678 4209; x_wconf 90' lang='lat' dir='ltr'>et</span> <span class='ocrx_word' id='word_1_293' title='bbox 705 4167 765 4209; x_wconf 86' lang='lat' dir='ltr'>sex</span> <span class='ocrx_word' id='word_1_294' title='bbox 792 4147 1014 4210; x_wconf 89' lang='lat' dir='ltr'>denariorum</span> <span class='ocrx_word' id='word_1_295' title='bbox 1043 4169 1064 4209; x_wconf 92' lang='lat' dir='ltr'>a</span> <span class='ocrx_word' id='word_1_296' title='bbox 1092 4161 1180 4210; x_wconf 92' lang='lat' dir='ltr'>retro</span> <span class='ocrx_word' id='word_1_297' title='bbox 1207 4147 1353 4210; x_wconf 89' lang='lat' dir='ltr'>existere</span> <span class='ocrx_word' id='word_1_298' title='bbox 1368 4158 1455 4205; x_wconf 77' lang='lat' dir='ltr'>ceued</span> <span class='ocrx_word' id='word_1_299' title='bbox 1476 4164 1504 4203; x_wconf 81' lang='lat' dir='ltr'>ro</span> <span class='ocrx_word' id='word_1_300' title='bbox 1522 4154 1567 4202; x_wconf 79' lang='lat' dir='ltr'>the</span> 
     </span>
     <span class='ocr_line' id='line_1_36' title="bbox 249 4223 1497 4328; baseline 0 -19"><span class='ocrx_word' id='word_1_301' title='bbox 249 4267 309 4328; x_wconf 85' lang='lat' dir='ltr'>per</span> <span class='ocrx_word' id='word_1_302' title='bbox 350 4260 428 4309; x_wconf 91' lang='lat' dir='ltr'>octo</span> <span class='ocrx_word' id='word_1_303' title='bbox 468 4245 542 4308; x_wconf 91' lang='lat' dir='ltr'>dies</span> <span class='ocrx_word' id='word_1_304' title='bbox 585 4260 663 4327; x_wconf 94' lang='lat' dir='ltr'>post</span> <span class='ocrx_word' id='word_1_305' title='bbox 704 4247 856 4328; x_wconf 90' lang='lat' dir='ltr'>aliquem</span> <span class='ocrx_word' id='word_1_306' title='bbox 897 4246 1082 4310; x_wconf 92' lang='lat' dir='ltr'>terminum</span> <span class='ocrx_word' id='word_1_307' title='bbox 1124 4261 1350 4311; x_wconf 90' lang='lat' dir='ltr'>memoratum</span> <span class='ocrx_word' id='word_1_308' title='bbox 1368 4223 1497 4283; x_wconf 40' lang='lat' dir='ltr'>⁰¹¹³&amp;ss</span> 
     </span>
     <span class='ocr_line' id='line_1_37' title="bbox 248 4345 1353 4429; baseline 0.003 -21"><span class='ocrx_word' id='word_1_309' title='bbox 248 4346 463 4428; x_wconf 88' lang='lat' dir='ltr'>temporibus</span> <span class='ocrx_word' id='word_1_310' title='bbox 504 4345 702 4427; x_wconf 84' lang='lat' dir='ltr'>profuturis,</span> <span class='ocrx_word' id='word_1_311' title='bbox 746 4347 887 4429; x_wconf 88' lang='lat' dir='ltr'>predicti</span> <span class='ocrx_word' id='word_1_312' title='bbox 929 4347 1050 4411; x_wconf 87' lang='lat' dir='ltr'>Abbas</span> <span class='ocrx_word' id='word_1_313' title='bbox 1089 4361 1121 4410; x_wconf 90' lang='lat' dir='ltr'>et</span> <span class='ocrx_word' id='word_1_314' title='bbox 1159 4361 1353 4411; x_wconf 88' lang='lat' dir='ltr'>conuentus</span> 
     </span>
    </p>

    <p class='ocr_par' dir='ltr' id='par_1_7' title="bbox 248 4447 1352 4529">
     <span class='ocr_line' id='line_1_38' title="bbox 248 4447 1352 4529; baseline 0.004 -23"><span class='ocrx_word' id='word_1_315' title='bbox 248 4447 370 4509; x_wconf 85' lang='lat' dir='ltr'>volunt</span> <span class='ocrx_word' id='word_1_316' title='bbox 389 4459 422 4509; x_wconf 91' lang='lat' dir='ltr'>et</span> <span class='ocrx_word' id='word_1_317' title='bbox 445 4447 640 4509; x_wconf 91' lang='lat' dir='ltr'>concedunt</span> <span class='ocrx_word' id='word_1_318' title='bbox 665 4468 726 4529; x_wconf 90' lang='lat' dir='ltr'>pro</span> <span class='ocrx_word' id='word_1_319' title='bbox 750 4469 787 4511; x_wconf 93' lang='lat' dir='ltr'>se</span> <span class='ocrx_word' id='word_1_320' title='bbox 810 4460 844 4511; x_wconf 92' lang='lat' dir='ltr'>et</span> <span class='ocrx_word' id='word_1_321' title='bbox 870 4447 1130 4511; x_wconf 88' lang='lat' dir='ltr'>successoribus</span> <span class='ocrx_word' id='word_1_322' title='bbox 1155 4447 1239 4524; x_wconf 90' lang='lat' dir='ltr'>suis,</span> <span class='ocrx_word' id='word_1_323' title='bbox 1259 4447 1352 4529; x_wconf 91' lang='lat' dir='ltr'>quod</span> 
     </span>
    </p>

    <p class='ocr_par' dir='ltr' id='par_1_8' title="bbox 247 4546 1354 4629">
     <span class='ocr_line' id='line_1_39' title="bbox 247 4546 1354 4629; baseline 0.002 -20"><span class='ocrx_word' id='word_1_324' title='bbox 247 4559 388 4609; x_wconf 86' lang='lat' dir='ltr'>extunc</span> <span class='ocrx_word' id='word_1_325' title='bbox 406 4549 493 4610; x_wconf 88' lang='lat' dir='ltr'>bene</span> <span class='ocrx_word' id='word_1_326' title='bbox 511 4546 611 4609; x_wconf 91' lang='lat' dir='ltr'>liceat</span> <span class='ocrx_word' id='word_1_327' title='bbox 629 4548 790 4629; x_wconf 90' lang='lat' dir='ltr'>predictis</span> <span class='ocrx_word' id='word_1_328' title='bbox 810 4547 1070 4612; x_wconf 89' lang='lat' dir='ltr'>venerabilibus</span> <span class='ocrx_word' id='word_1_329' title='bbox 1094 4547 1177 4610; x_wconf 92' lang='lat' dir='ltr'>viris</span> <span class='ocrx_word' id='word_1_330' title='bbox 1201 4547 1354 4629; x_wconf 86' lang='lat' dir='ltr'>capitulo</span> 
     </span>
    </p>

    <p class='ocr_par' dir='ltr' id='par_1_9' title="bbox 249 4645 1354 4732">
     <span class='ocr_line' id='line_1_40' title="bbox 249 4645 1354 4732; baseline 0.002 -24"><span class='ocrx_word' id='word_1_331' title='bbox 249 4645 392 4709; x_wconf 87' lang='lat' dir='ltr'>ecclesie</span> <span class='ocrx_word' id='word_1_332' title='bbox 410 4646 552 4730; x_wconf 89' lang='lat' dir='ltr'>Rypon&#39;</span> <span class='ocrx_word' id='word_1_333' title='bbox 570 4660 603 4710; x_wconf 90' lang='lat' dir='ltr'>et</span> <span class='ocrx_word' id='word_1_334' title='bbox 621 4647 789 4711; x_wconf 90' lang='lat' dir='ltr'>ministris</span> <span class='ocrx_word' id='word_1_335' title='bbox 805 4648 879 4712; x_wconf 89' lang='lat' dir='ltr'>suis</span> <span class='ocrx_word' id='word_1_336' title='bbox 897 4648 930 4709; x_wconf 95' lang='lat' dir='ltr'>in</span> <span class='ocrx_word' id='word_1_337' title='bbox 953 4647 1108 4710; x_wconf 91' lang='lat' dir='ltr'>manerio</span> <span class='ocrx_word' id='word_1_338' title='bbox 1124 4668 1185 4712; x_wconf 85' lang='lat' dir='ltr'>seu</span> <span class='ocrx_word' id='word_1_339' title='bbox 1203 4648 1354 4732; x_wconf 86' lang='lat' dir='ltr'>grangia</span> 
     </span>
    </p>

    <p class='ocr_par' dir='ltr' id='par_1_10' title="bbox 248 4746 1353 4832">
     <span class='ocr_line' id='line_1_41' title="bbox 248 4746 1353 4832; baseline 0.001 -24"><span class='ocrx_word' id='word_1_340' title='bbox 248 4746 417 4809; x_wconf 89' lang='lat' dir='ltr'>dictorum</span> <span class='ocrx_word' id='word_1_341' title='bbox 436 4746 585 4810; x_wconf 83' lang='lat' dir='ltr'>Abbatis</span> <span class='ocrx_word' id='word_1_342' title='bbox 609 4760 642 4810; x_wconf 90' lang='lat' dir='ltr'>et</span> <span class='ocrx_word' id='word_1_343' title='bbox 659 4746 863 4811; x_wconf 90' lang='lat' dir='ltr'>Conuentus</span> <span class='ocrx_word' id='word_1_344' title='bbox 880 4748 922 4811; x_wconf 95' lang='lat' dir='ltr'>de</span> <span class='ocrx_word' id='word_1_345' title='bbox 940 4749 1065 4830; x_wconf 79' lang='lat' dir='ltr'>Sutton</span> <span class='ocrx_word' id='word_1_346' title='bbox 1085 4747 1179 4810; x_wconf 89' lang='lat' dir='ltr'>iuxta</span> <span class='ocrx_word' id='word_1_347' title='bbox 1198 4746 1353 4832; x_wconf 86' lang='lat' dir='ltr'>Rypon&#39;,</span> 
     </span>
    </p>
   </div>
   <div class='ocr_carea' id='block_1_3' title="bbox 0 0 1703 5650">
    <p class='ocr_par' dir='ltr' id='par_1_11' title="bbox 0 0 1703 5650">
     <span class='ocr_line' id='line_1_42' title="bbox 0 0 1703 5650; baseline 0 0"><span class='ocrx_word' id='word_1_348' title='bbox 0 0 1703 5650; x_wconf 95' lang='lat' dir='ltr'> </span> 
     </span>
    </p>
   </div>
  </div>
 </body>
</html>
