3392 5650
331 717 393 781 174
616 701 695 765 Tris
720 701 876 765 lucram(
901 701 1147 767 Manuscrupr.

330 878 613 955 administrando,
634 881 800 966 nobisque
819 880 862 944 de
881 887 915 944 et
934 901 1036 964 super
1055 881 1355 945 administracione
1374 902 1437 945 sua

329 982 364 1047 in
395 984 494 1048 bonis
525 985 606 1068 ipsis
639 984 772 1049 fidelem
804 992 1005 1068 compotum
1036 986 1123 1049 citra
1155 986 1282 1050 festum
1315 985 1435 1050 Pasch.

329 1108 425 1171 prox.
451 1089 607 1153 futurum
630 1089 803 1153 reddendo
827 1090 871 1153 ad
894 1095 1015 1154 sancta
1038 1091 1101 1153 Dei
1125 1090 1301 1175 euangelia
1324 1091 1438 1154 iurato

329 1193 510 1257 commissa
530 1194 647 1257 extitit
667 1200 701 1258 et
720 1214 781 1277 per
799 1194 946 1258 eundem
966 1194 1115 1258 admissa
1134 1195 1169 1258 in
1189 1194 1307 1259 debita
1326 1195 1438 1259 forma

329 1297 421 1372 iuris,
445 1304 618 1362 reseruata
640 1298 738 1362 nobis
760 1304 934 1381 potestate
956 1298 1196 1363 committendi
1218 1298 1437 1363 administra-

329 1401 461 1465 cionem
489 1403 658 1466 bonorum
685 1403 881 1467 huiusmodi
910 1402 986 1486 alijs
1013 1403 1253 1467 executoribus
1281 1404 1315 1468 in
1344 1403 1437 1468 dicto

329 1510 539 1570 testamento
570 1507 756 1570 nominatis
788 1528 867 1570 cum
899 1527 975 1570 eam
1007 1508 1164 1571 venerint
1196 1506 1346 1592 legitime
1378 1508 1437 1571 ad·

329 1610 473 1675 missuri.
521 1611 601 1675 Dat.
630 1610 684 1674 die
710 1610 783 1675 loco
809 1631 924 1675 mense
950 1617 984 1675 et
1011 1633 1101 1675 anno
1128 1611 1208 1675 D’ni
1232 1612 1438 1695 supradictis

329 1720 363 1778 et
390 1720 505 1778 nostre
537 1715 772 1779 translacionis
804 1737 895 1779 anno
927 1715 1195 1800 quartodecimo
1245 1716 1291 1779 Et
1322 1717 1437 1780 subse-

328 1824 483 1903 quenter,
499 1820 563 1883 viz.
578 1825 652 1883 xv10
664 1819 718 1883 die
731 1820 856 1883 mensis
869 1819 1074 1883 Nouembris
1086 1819 1187 1883 Anno
1201 1820 1281 1883 D’ni
1295 1819 1437 1884 Mill’mo

329 1933 444 1988 ccccmo
458 1923 591 1988 decimo
604 1924 638 1987 in
651 1924 802 1987 interiori
816 1923 966 1988 claustro
983 1924 1131 1988 fratrum
1144 1924 1271 1987 ordinis
1284 1924 1436 2007 predica·

247 2033 250 2039 '
330 2033 454 2103 torum,
487 2028 652 2103 London',
685 2028 942 2092 administracio
971 2028 1125 2092 omnium
1154 2029 1323 2093 bonorum
1353 2029 1436 2093 dicti

328 2132 482 2196 defuncti
513 2132 645 2196 dilectis
676 2133 710 2195 in
742 2153 811 2215 xpo
842 2132 922 2212 filiis
955 2132 1044 2196 d’nis
1080 2133 1229 2196 Henrico
1260 2132 1434 2216 Jolypase,
1465 2141 1470 2150 “

328 2237 514 2321 capellano
552 2258 591 2300 ac
626 2237 812 2300 camerario
848 2237 926 2300 eccl.
966 2237 1031 2301 S’ci
1068 2237 1166 2301 Pauli
1201 2236 1363 2321 predicte,
1401 2243 1436 2302 et

328 2341 478 2406 Will’mo
503 2341 661 2426 Wryght,
689 2341 827 2404 Rectori
855 2341 933 2405 eccl.
962 2341 1028 2405 S'ci
1055 2342 1228 2405 Michaelis
1254 2341 1299 2405 ad
1325 2342 1435 2425 ripam

330 2446 458 2530 Regine
499 2445 666 2520 London',
708 2446 948 2509 executoribus
989 2446 1024 2509 in
1065 2445 1184 2509 eodem
1226 2451 1435 2511 testamento

328 2550 514 2613 nominatis
535 2550 569 2613 in
591 2550 702 2613 forma
722 2549 878 2632 superius
898 2549 1094 2633 specificata
1116 2550 1232 2614 extitit
1254 2550 1436 2615 commissa

244 2677 247 2684 ·
328 2661 362 2718 et
391 2675 451 2738 per
478 2654 615 2718 eosdem
643 2654 801 2718 admissa.
850 2654 930 2718 Dat.
961 2654 1069 2717 eciam
1097 2654 1161 2729 die,
1192 2654 1276 2730 loco,
1306 2676 1432 2731 mense,

133 3407 216 3511 1¹ilii
222 3409 288 3511 a?
290 3432 297 3451 ’

329 2765 363 2824 et
390 2780 481 2825 anno
507 2759 588 2822 D’ni
614 2779 710 2843 prox.
738 2757 954 2842 supradictis,
982 2764 1017 2821 et
1044 2764 1158 2822 nostre
1185 2758 1434 2824 Translacionis

328 2865 480 2948 predicte
499 2886 590 2928 anno
608 2863 875 2947 quintodecimo.

327 3118 376 3182 66.
456 3122 543 3204 (257)
589 3121 825 3204 (Nomination
863 3125 900 3183 to
940 3120 1097 3204 vicarage
1138 3120 1173 3183 oi
1210 3120 1362 3203 prebend
1399 3120 1434 3184 oi

372 3227 536 3308 Sharow).

385 3392 387 3400 '
416 3406 624 3472 Reuerendis
660 3411 694 3470 et
730 3405 885 3469 discretis
920 3404 1001 3469 viris
1037 3405 1196 3488 Capitulo
1232 3405 1311 3470 eccl.
1350 3405 1431 3470 Coll.

328 3513 464 3597 Ripon’,
478 3512 654 3595 Johannes
666 3510 708 3573 de
721 3509 980 3592 Hermesthorp,
994 3509 1185 3574 Canonicus
1197 3516 1231 3573 et
1244 3510 1433 3593 prebenda-

327 3618 395 3682 rius
436 3615 607 3700 prebende
648 3614 690 3678 de
732 3614 907 3678 Sharrowe
948 3614 983 3677 in
1024 3613 1154 3690 eadem,
1198 3613 1432 3678 omnimodam

326 3721 556 3787 reuerenciam
585 3719 739 3783 debitam
769 3739 848 3783 cum
878 3719 1015 3783 honore.
1062 3718 1117 3781 Ad
1147 3718 1311 3782 vicariam
1342 3718 1433 3783 dicte

327 3825 498 3911 prebende
514 3829 697 3889 vacantem
714 3829 748 3887 et
765 3823 810 3887 ad
829 3843 942 3886 meam
963 3823 1257 3906 presentacionem
1276 3829 1434 3906 spectan-

327 3937 408 4006 tem,
444 3929 607 3993 dilectum
646 3927 749 3992 michi
788 3927 822 3991 in
861 3948 930 4011 xpo
967 3927 1063 3990 d'nm
1103 3927 1271 3990 Rob'tum
1310 3928 1431 4003 Merot,

327 4034 560 4119 Capelianum,
599 4032 698 4096 vobis
739 4037 899 4115 presento
937 4031 1068 4096 intuitu
1106 4031 1271 4107 caritatis
1311 4052 1434 4117 rogans

327 4145 498 4224 quatenus
538 4137 629 4200 d’cm
669 4136 764 4200 d'nm
806 4135 974 4200 Rob'tum
1014 4135 1058 4199 ad
1099 4134 1229 4199 dictam
1269 4136 1434 4200 vicariam

327 4242 522 4308 admittatis
541 4247 575 4305 et
593 4241 706 4324 ipsum
724 4240 915 4305 instituatis
934 4246 1037 4324 prout
1055 4239 1159 4303 moris
1178 4246 1230 4304 est
1248 4240 1283 4304 in
1302 4240 1432 4316 eadem,

327 4354 362 4412 et
375 4347 467 4411 vltra
481 4345 594 4410 velitis
608 4365 767 4429 peragere
780 4365 848 4428 que
862 4344 961 4408 vobis
976 4344 1181 4409 incumbunt
1196 4343 1231 4408 in
1245 4344 1310 4408 hac
1324 4350 1432 4428 parte.

266 4518 268 4522 ,
328 4453 541 4536 inquorum
567 4448 802 4513 testimonium
828 4448 1043 4531 presentibus
1068 4447 1216 4532 sigillum
1241 4468 1357 4512 meum
1382 4454 1434 4512 est

327 4575 527 4640 appensum.
576 4553 656 4617 Dat.
676 4552 711 4616 in
728 4552 891 4636 hospitali
909 4553 982 4617 S’ce
1002 4552 1166 4616 Katerine
1184 4552 1282 4617 iuxta
1299 4553 1434 4617 Turrim

327 4658 494 4733 London',
512 4657 673 4723 vicesimo
693 4657 747 4720 die
767 4657 892 4720 mensis
912 4656 1042 4740 Marcij,
1059 4656 1161 4721 Anno
1180 4657 1261 4721 D'ni
1281 4657 1435 4721 Mill’imo

327 4775 421 4832 cecm⁰
439 4764 470 4827 N
474 4762 669 4844 onagesimo
687 4783 788 4825 nono.
