3392 5650
648 733 742 799 Acis
766 752 812 800 or
835 733 1014 801 Calama.
1324 731 1383 799 181

276 914 429 996 predicte
461 936 501 979 ac
533 915 700 998 presentis
732 914 961 980 ordinacionis
992 921 1108 979 nostre
1139 920 1311 999 quantum
1343 914 1385 978 de

276 1017 347 1081 iure
369 1039 551 1101 possumus
572 1019 781 1102 imponimus
802 1040 881 1083 cum
902 1020 1037 1094 effectu,
1061 1040 1101 1083 ac
1121 1018 1268 1083 eundern
1289 1018 1385 1082 d’nm

275 1122 445 1187 Thomam
476 1129 510 1186 et
541 1144 751 1187 successores
781 1144 861 1188 suos
892 1123 934 1187 de
965 1123 1059 1188 dicta
1089 1123 1251 1207 pensione
1281 1122 1385 1186 modo

275 1248 345 1309 quo
365 1228 579 1310 premittitur
598 1227 824 1311 persoluenda
845 1228 1028 1292 efficaciter
1047 1248 1238 1302 oneramus,
1257 1227 1384 1310 ipsum-

275 1352 341 1415 que
359 1337 394 1394 et
412 1332 503 1415 ipsos
521 1338 638 1396 tenore
656 1332 869 1415 presencium
887 1352 1065 1396 monemus
1082 1333 1204 1416 prim0,
1222 1330 1383 1406 secunda,

275 1442 309 1498 et
340 1436 455 1511 terci0,
487 1442 522 1500 et
552 1436 790 1520 peremptorie,
821 1434 914 1500 cum'
930 1437 1042 1520 pietas
1071 1435 1216 1500 suadeat
1246 1441 1281 1499 et
1310 1455 1384 1518 pre-

275 1539 457 1604 missorum
504 1541 655 1624 qualitas
702 1540 737 1604 id
784 1546 959 1624 exposcat,
1008 1546 1047 1604 vt
1095 1542 1183 1604 hanc
1230 1545 1384 1604 nostram

275 1643 529 1709 ordinacionem
560 1650 595 1708 et
626 1645 759 1729 singula
789 1651 954 1709 contenta
984 1644 1019 1708 in
1050 1645 1180 1720 eadem,
1213 1649 1384 1728 quatenus

275 1768 353 1812 eum
368 1754 403 1812 et
419 1769 475 1812 eos
491 1755 711 1824 concernunt,
728 1749 918 1832 perficiant,
935 1748 1113 1835 impleant,
1129 1754 1164 1812 et
1179 1754 1382 1813 conseruent

274 1854 338 1916 sub
366 1873 455 1936 pena
483 1853 860 1929 excommunicacionis,
889 1874 995 1938 quam
1023 1874 1064 1916 ex
1092 1874 1184 1918 nunc
1210 1857 1314 1936 prout
1341 1872 1383 1915 ex

275 1963 358 2021 tunc
391 1963 426 2021 et
459 1978 500 2021 ex
534 1963 618 2022 tunc
650 1963 753 2041 prout
786 1978 828 2021 ex
860 1978 962 2032 nunc,
996 1958 1160 2021 canonica
1192 1956 1383 2020 monicione

275 2062 450 2144 premissa,
464 2061 498 2126 in
511 2082 589 2126 eum
602 2067 636 2125 et
649 2082 705 2125 eos
718 2083 757 2126 ac
768 2062 958 2146 quemlibet
970 2061 1156 2126 eorundem
1168 2060 1384 2145 singulariter

275 2165 310 2228 in
332 2165 482 2250 singulos
504 2166 532 2229 si
554 2166 749 2230 huiusmodi
771 2172 887 2230 nostre
909 2165 1119 2230 ordinacioni
1141 2186 1210 2229 non
1231 2164 1383 2248 paruerit

275 2289 335 2333 seu
349 2270 535 2353 paruerint,
551 2270 755 2353 proferimus
769 2270 803 2333 in
817 2269 885 2353 hijs
898 2270 1033 2353 scriptis
1046 2274 1262 2354 sequestrum
1276 2267 1383 2331 eciam

277 2379 444 2449 nostrum,
474 2375 508 2438 in
537 2374 716 2450 fructibus,
746 2374 948 2450 redditibus,
977 2380 1012 2437 et
1040 2374 1265 2457 prouentibus
1293 2372 1384 2436 dicte
1411 2382 1443 2428 ln
1456 2396 1519 2430 case
1532 2382 1580 2457 the

277 2478 402 2542 vicarie
439 2499 481 2542 ex
518 2500 608 2543 nunc
646 2479 852 2562 inponimus.
900 2479 933 2543 Si
972 2478 1085 2543 dictus
1121 2478 1197 2542 d’ns
1234 2477 1384 2540 Thomas
1397 2452 1589 2563 preqqnltliqrcai

277 2583 424 2647 vicarius
452 2583 636 2647 modernus
664 2604 723 2647 seu
752 2603 961 2647 successores
989 2583 1041 2647 sui
1070 2583 1105 2646 in
1134 2582 1228 2646 dicta
1256 2581 1384 2645 vicaria
1422 2595 1575 2630 successors

276 2686 331 2750 vel
349 2707 466 2751 eorum
484 2686 607 2771 aliquis
624 2687 725 2751 dictis
743 2686 817 2751 loco
835 2692 870 2750 et
889 2686 1043 2750 terminis
1059 2686 1114 2749 vel
1132 2706 1250 2750 eorum
1268 2684 1383 2769 aliquo
1396 2647 1589 2778 &Ultimi

276 2790 310 2855 in
336 2791 508 2856 solucione
534 2790 625 2855 dicte
650 2791 822 2876 pensionis
848 2791 883 2855 in
908 2796 1008 2875 parte
1032 2790 1086 2855 vel
1113 2790 1148 2855 in
1172 2796 1247 2855 toto
1274 2791 1325 2876 (67
1335 2792 1380 2875 v.)
1397 2780 1550 2897 325³?thss
1557 2796 1589 2898 ἐξ

276 2895 437 2960 defecerit
453 2896 508 2959 vel
524 2896 709 2960 defecerint
725 2916 866 2980 quoquo
881 2895 995 2970 modo,
1013 2895 1177 2959 canonica
1193 2895 1384 2959 monicione

275 3000 451 3084 premissa,
469 3007 508 3064 vt
526 3000 705 3084 prefertur,
723 3000 883 3065 volumus
900 3000 1008 3063 eciam
1024 3005 1059 3062 et
1076 2999 1275 3063 ordinamus
1290 2999 1384 3083 quod

275 3105 449 3188 predictus
713 3105 863 3168 Thomas
915 3103 1063 3168 vicarius
1114 3102 1297 3168 modernus
1350 3108 1384 3167 et

276 3208 420 3293 quilibet
448 3211 520 3274 eius
548 3230 720 3274 successor
749 3209 783 3273 in
812 3208 940 3273 vicaria
968 3208 1123 3291 predicta
1150 3207 1185 3271 in
1213 3207 1319 3272 iutur’
1349 3208 1384 3273 in

276 3334 393 3378 eorum
426 3314 588 3398 primaria
621 3313 852 3398 ad(missione)
889 3313 988 3388 iuret,
1023 3312 1126 3377 tactis
1158 3313 1384 3377 sacrosanctis

275 3419 339 3482 Dei
362 3418 558 3503 euangeliis,
582 3419 676 3503 quod
698 3418 836 3482 soluant
859 3417 989 3481 dictam
1012 3438 1163 3481 annuam
1185 3417 1384 3501 pensionem

275 3523 388 3598 mod0,
410 3523 530 3598 forma,
552 3530 586 3586 et
609 3523 763 3587 terminis
784 3522 947 3606 predictis
972 3521 1025 3604 (In
1045 3542 1193 3605 quorum
1215 3522 1380 3604 omnium)
1471 3594 1474 3599 ⁴

275 3627 511 3691 testimonium
547 3633 652 3711 atque
687 3627 791 3691 fidem
826 3625 974 3711 sigillum
1009 3631 1167 3690 nostrum
1202 3646 1384 3690 commune

275 3731 490 3814 presentibus
513 3737 564 3795 est
589 3751 790 3814 appensum.
849 3730 930 3794 Dat.
947 3729 1051 3794 indo
1067 3729 1237 3814 n'raCap.
1253 3767 1383 3776 ——-

275 3835 330 3899 die
355 3836 481 3900 mensis
506 3835 615 3919 Junij,
643 3836 744 3899 Anno
770 3834 851 3898 D'ni
878 3833 1020 3898 Mill’mo
1046 3834 1384 3919 quadringentesimo

276 3939 448 4005 tricesimo
466 3940 624 4024 septimo.

300 4132 387 4215 (271)
413 4131 589 4214 (Mandate
610 4137 647 4195 to
666 4130 787 4195 induet
807 4136 844 4194 to
864 4151 885 4194 a
904 4129 1063 4214 Canonry
1083 4131 1152 4195 and
1172 4131 1352 4215 Prebend).

365 4286 563 4369 (Johannes,
596 4285 827 4368 miseracione)
862 4284 981 4348 diuina
1011 4284 1104 4348 tituli
1119 4284 1209 4349 -S'ce
1240 4286 1384 4350 Balbine
1461 4319 1536 4366 1442.

274 4396 490 4455 sacrosancte
509 4390 665 4454 Romane
684 4388 821 4453 ecclesie
839 4388 1001 4472 prisbiter
1018 4388 1207 4453 Cardinalis
1225 4391 1382 4475 Archiep.
1398 4372 1589 4504 Affieiipe

274 4494 377 4559 Ebor.
405 4494 537 4579 (Anglie
558 4494 698 4578 primas)
723 4499 758 4557 et
781 4499 892 4577 apost.
916 4493 985 4558 sed.
1010 4493 1153 4578 legatus
1177 4494 1234 4559 dil.
1259 4495 1293 4558 in
1315 4517 1384 4579 xpo

274 4598 353 4682 filijs
377 4598 576 4682 Capitulum
600 4598 679 4663 eccl.
706 4598 778 4661 n’re
802 4597 925 4682 Colleg.
954 4597 1020 4661 S'ci
1045 4596 1153 4662 Wilfr.
1175 4598 1300 4682 Ripon'
1324 4600 1382 4682 (sa.

273 4723 343 4787 gra.
361 4708 396 4766 et
412 4703 714 4786 be)nediccionem.
776 4701 866 4786 Quia
881 4721 944 4765 nos
959 4701 1016 4765 dil.
1034 4701 1069 4764 in
1085 4722 1155 4785 xpo
1170 4701 1240 4767 filio
1256 4703 1385 4788 Mag'ro

274 4807 368 4890 Joh'i
402 4808 550 4871 Delaber
584 4808 618 4871 in
653 4806 798 4871 decretis
832 4805 1017 4870 bacallario
1051 4806 1302 4872 canonicatum
1340 4809 1386 4892 (et
