3392 5650
153 1053 176 1087 c.
196 1051 270 1098 ¹240·

319 703 362 771 88
430 688 448 749 '—
606 702 685 769 Trrn
711 700 866 768 Iuorrnr
891 699 1138 767 Manuscrnrr.

709 882 797 965 (134)
825 881 881 945 Drs
906 898 1044 946 nonan.

407 1029 508 1089 Omn.
547 1025 592 1089 ad
627 1045 714 1108 quos
750 1043 799 1106 pr.
837 1043 900 1087 scr.
939 1023 1144 1105 peruenerit,
1182 1023 1214 1105 J.
1254 1024 1433 1114 Romanus

319 1130 536 1194 subdecanus
571 1130 674 1193 libor.
711 1134 746 1191 et
781 1126 973 1191 Canonicus
1010 1127 1146 1209 Ripon',
1183 1148 1230 1191 sa.
1268 1128 1302 1191 in
1338 1128 1430 1192 d'no.

320 1232 408 1298 Nou.
433 1253 487 1297 me
510 1232 677 1300 dimisisse
700 1238 734 1295 et
757 1252 851 1295 conc.
878 1231 991 1294 Rob’o
1016 1229 1077 1314 (42)
1104 1231 1224 1314 pistori
1247 1238 1281 1295 et
1311 1233 1380 1296 her.
1405 1253 1430 1296 s.

319 1338 374 1401 vel
391 1336 461 1403 suis
479 1337 602 1422 assign.
623 1337 657 1400 in
676 1336 777 1400 feodo
795 1342 829 1399 et
848 1334 1051 1409 hereditate,
1071 1341 1186 1400 toturn
1205 1337 1335 1400 toftum
1353 1357 1433 1401 curn

319 1462 410 1506 omn.
440 1441 581 1506 edificiis
613 1441 758 1523 desuper
792 1438 971 1513 edificatis
1001 1439 1084 1503 illud
1114 1440 1194 1536 vid}
1223 1440 1318 1523 quod
1346 1440 1434 1505 iacet

319 1545 408 1609 inter
432 1546 587 1629 placeam
611 1544 669 1608 vbi
695 1544 762 1608 sita
787 1550 838 1607 est
863 1543 1005 1629 grangia
1028 1564 1095 1627 que
1121 1544 1187 1608 luit
1213 1544 1333 1629 Mag'ri
1358 1545 1432 1609 Ade

319 1649 361 1713 de
384 1649 573 1732 Melsanby,
597 1654 631 1712 et
654 1654 781 1712 terram
804 1646 970 1711 Normani
993 1646 1048 1711 del
1071 1648 1169 1723 HoW,
1193 1654 1227 1711 et
1249 1649 1343 1732 quod
1365 1649 1432 1713 emi

319 1753 361 1817 de
381 1753 494 1817 Will’o
514 1752 583 1817 filio
603 1751 759 1827 Gilberti,
777 1758 846 1815 ten.
868 1757 903 1815 et
924 1752 1002 1815 hab.
1021 1751 1064 1814 de
1083 1772 1138 1816 me
1158 1758 1192 1816 et
1212 1773 1301 1817 succ.
1320 1774 1378 1828 m.,
1395 1753 1429 1817 li.

318 1858 388 1941 qui.
411 1857 562 1941 pacifice,
586 1856 695 1921 Redd.
719 1856 797 1920 inde
818 1855 1000 1921 annuatim
1021 1855 1125 1920 miehi
1146 1862 1181 1920 et
1201 1877 1290 1921 suec.
1314 1878 1359 1921 m.
1382 1857 1429 1941 iiij

318 1962 415 2026 solid.
438 1982 483 2025 sc.
508 1961 559 2045 ijs.
584 1961 628 2025 ad
651 1961 748 2025 Pent.
772 1967 806 2023 et
828 1960 881 2043 ijs.
905 1959 950 2024 ad
972 1961 994 2023 f.
1019 1960 1051 2024 S.
1076 1961 1119 2024 M.
1143 1981 1206 2044 pro
1227 1982 1319 2026 omn.
1342 1982 1430 2026 serv.

318 2072 353 2129 et
377 2065 466 2129 dem.
516 2065 732 2147 (Warranty).
780 2065 826 2128 Et
853 2063 880 2127 si
904 2064 993 2129 forte
1015 2064 1128 2129 dictus
1153 2065 1260 2129 Rob's
1282 2065 1337 2129 vel
1361 2067 1430 2130 her.

317 2170 369 2235 sui
388 2170 460 2234 siue
480 2170 603 2254 assign.
624 2168 658 2233 in
678 2168 794 2253 aliquo
813 2168 961 2232 termino
979 2167 1014 2232 in
1033 2169 1206 2233 solucione
1225 2169 1316 2234 dicte
1335 2170 1431 2235 firme

318 2272 515 2348 defecerint,
554 2273 686 2337 dictum
725 2272 855 2336 toftum
892 2272 964 2336 sine
1002 2273 1277 2338 contradiecione
1315 2273 1432 2358 aliqua

318 2377 420 2442 michi
437 2382 472 2440 et
488 2397 577 2441 succ.
595 2398 640 2441 m.
659 2376 794 2440 redibit.
844 2376 884 2439 In
901 2397 929 2440 c.
945 2396 969 2440 r.
986 2382 1010 2440 t.
1025 2372 1105 2440 huic
1120 2397 1182 2441 scr.
1201 2378 1432 2463 cyrograffato

318 2488 392 2546 tam
404 2481 464 2566 sig.
480 2502 525 2545 m.
540 2501 647 2565 quam
659 2480 720 2566 sig,
735 2480 818 2544 dicti
834 2479 937 2543 Rob'i
950 2480 1149 2545 alternatim
1162 2487 1214 2544 est
1228 2502 1429 2565 appensum.

194 2651 199 2661 ,
319 2587 363 2650 Η.
389 2593 413 2650 t.
440 2585 577 2670 Mag'ris
601 2584 641 2649 G.
666 2585 708 2649 de
732 2584 846 2659 Lard’,
872 2585 972 2649 Laur.
999 2584 1041 2648 de
1064 2585 1208 2669 Topclil,
1233 2586 1366 2652 Thoma
1390 2587 1431 2651 de

321 2690 486 2773 Kirkeby,
506 2697 541 2754 et
559 2689 691 2754 ceteris.

708 2845 794 2924 (135)
821 2843 878 2907 DE
903 2860 1040 2908 sonan.

407 2999 519 3082 Capit.
545 2997 611 3062 S'ei
640 2997 749 3062 Willr.
776 2997 818 3061 de
849 2996 973 3080 Ripon'
1005 3016 1095 3060 omn.
1128 2997 1206 3061 aud.
1238 3003 1273 3060 et
1302 2996 1363 3082 leg.
1396 2999 1428 3061 h.

319 3103 435 3167 literas
469 3103 504 3167 in
538 3123 618 3185 xp0,
653 3101 811 3166 salutem.
860 3099 992 3164 Notum
1025 3100 1070 3164 sit
1104 3100 1203 3165 vobis
1237 3099 1430 3166 Gilbertum

320 3208 462 3271 fratrem
478 3213 513 3270 et
529 3205 799 3270 concanonicum
815 3211 973 3268 nostrum
986 3204 1062 3269 ded.
1078 3210 1112 3268 et
1125 3223 1219 3269 conc.
1235 3211 1270 3269 et
1282 3206 1432 3289 presenti

320 3311 453 3376 cartula
491 3309 580 3374 conf.
613 3309 775 3374 Sauarico
809 3315 843 3372 et
875 3329 900 3373 s
934 3308 1061 3385 hered,
1095 3329 1201 3373 vnam
1234 3329 1432 3375 mansuram

322 3421 409 3479 terre
436 3415 478 3479 de
504 3413 678 3499 prebenda
702 3434 765 3477 sua
790 3412 890 3477 iuxta
914 3412 1092 3497 grangiam
1118 3411 1231 3477 Nich'i
1256 3413 1429 3490 Canonici,

321 3540 400 3585 curn
422 3518 557 3583 duabus
577 3517 716 3582 bouatis
737 3523 825 3581 terre
846 3515 980 3600 prefate
1001 3537 1161 3580 mansure
1182 3506 1430 3599 adiacentibus,

322 3623 459 3687 tenend.
483 3622 525 3686 de
545 3621 603 3685 illo
624 3628 658 3685 et
679 3621 721 3685 de
742 3641 767 3685 s.
790 3641 880 3684 succ.
903 3619 936 3684 li.
960 3625 994 3685 et
1015 3620 1085 3704 qui.
1108 3621 1153 3684 ab
1173 3621 1267 3685 omni
1287 3642 1374 3686 serv.
1397 3627 1432 3685 et

321 3748 413 3791 cons.
437 3747 498 3811 pro
522 3725 599 3810 iiijs.
625 3725 806 3790 annuatim
830 3724 1023 3800 reddendis,
1048 3723 1101 3807 ijs.
1127 3725 1171 3789 ad
1196 3725 1293 3789 Pent.
1317 3731 1351 3790 et
1376 3725 1427 3808 ijs.

322 3831 366 3896 ad
391 3831 414 3895 f.
441 3831 473 3896 S.
498 3830 542 3895 M.
587 3830 700 3894 Huius
724 3828 923 3915 donacionis
943 3828 990 3892 hii
1012 3835 1093 3893 sunt
1117 3834 1231 3904 testes,
1252 3830 1430 3906 Osbertus,

322 3936 440 4019 Steph.
463 3934 581 4010 Rob’s,
602 3933 767 4009 Andreas,
788 3939 822 3999 et
841 3933 956 3998 ceteri.

711 4107 798 4191 (136)
826 4107 882 4171 Du
907 4124 1044 4172 ronan,

411 4251 585 4316 Vniuersis
611 4251 669 4335 xpi
696 4250 853 4314 fidelibus
878 4250 923 4314 ad
948 4271 1035 4334 quos
1059 4270 1109 4333 pr.
1137 4270 1199 4314 scr.
1226 4251 1430 4334 peruenerit,

323 4356 450 4421 humile
472 4355 670 4439 Capitulum
692 4354 758 4420 S'ci
780 4354 889 4418 Wilfr.
913 4353 1051 4437 Ripon’,
1068 4375 1116 4418 sa.
1135 4354 1174 4418 in
1193 4354 1293 4419 D’n0.
1341 4354 1429 4420 Nou.

322 4461 415 4524 vniu.
437 4465 554 4524 vestra
572 4480 635 4523 nos
654 4458 828 4523 communi
847 4458 989 4522 consilio
1009 4464 1043 4521 et
1063 4478 1230 4523 consensu
1250 4465 1368 4522 nostro
1387 4459 1432 4523 ad

322 4564 527 4630 instanciam
574 4564 694 4648 Mag’ri
740 4562 851 4647 Joh'is
899 4562 1047 4627 Romani
1093 4562 1279 4627 subdecani
1326 4563 1429 4628 Ebor.

322 4668 458 4743 Eccl’ie,
481 4668 596 4732 fratris
617 4672 652 4731 et
673 4666 895 4732 concanonici
916 4666 1035 4741 nostri,
1058 4667 1262 4731 concessisse
1284 4672 1318 4731 et
1340 4667 1372 4732 h.
1396 4687 1429 4752 p.

322 4794 351 4840 c.
375 4793 409 4838 n.
432 4772 522 4838 conf.
547 4771 677 4838 Rob'to
699 4771 824 4837 Pistori
845 4770 916 4836 filio
939 4770 1042 4836 Rob'i
1064 4771 1106 4836 de
1129 4771 1281 4837 Manteld
1302 4777 1338 4836 et
1359 4772 1429 4838 her.
