3392 5650
625 718 719 784 Acrs
742 736 788 784 or
811 719 990 786 emmau.
1299 734 1361 787 211

251 905 286 963 et
321 899 576 964 ordinacionem
612 898 700 963 Ric'i
735 899 842 983 Blyth
877 900 1003 969 vicarie
1040 900 1110 984 (sic)
1148 900 1285 965 ecclesie
1320 900 1362 965 de

214 1083 216 1086 .
251 1002 444 1087 Cropredye
483 1009 518 1066 et
558 1002 677 1066 Rob’ti
716 1003 884 1088 Flemyng
922 1003 966 1068 ad
1005 1003 1138 1069 dicend.
1179 1004 1362 1088 specialem

251 1106 431 1171 collectam
466 1106 500 1170 in
536 1106 639 1170 missa
673 1127 735 1171 sua
770 1113 804 1171 et
840 1107 995 1192 qualibet
1030 1108 1224 1192 septimana
1258 1109 1361 1172 semel

251 1212 391 1275 missam
416 1212 459 1276 de
485 1210 653 1295 Requiem
677 1231 740 1294 pro
765 1210 937 1275 defunctis
962 1219 996 1275 et
1021 1213 1176 1296 quolibet
1201 1213 1255 1277 die
1280 1214 1361 1277 anni

251 1315 414 1400 exequias
432 1321 659 1390 mortuomm,
679 1315 832 1398 exceptis
851 1315 1096 1400 principalibus
1115 1323 1150 1380 et
1169 1316 1362 1400 duplicibus

251 1420 357 1495 iestis
378 1419 562 1484 duraturas
580 1439 689 1503 vsque
708 1419 752 1483 ad
771 1418 875 1483 finem
893 1426 1026 1503 septem
1045 1440 1223 1485 annorum.
1272 1421 1361 1485 Item

249 1523 325 1606 lego
354 1523 535 1588 Elizabeth
565 1522 727 1595 Harwod,
759 1523 899 1587 moniali
929 1524 963 1588 in
992 1523 1042 1588 lez
1072 1525 1253 1599 Menures,¹
1285 1546 1359 1590 xxs.

250 1628 365 1703 Huius
383 1634 500 1692 autern
519 1627 719 1691 testamenti
738 1627 805 1691 mei
823 1627 869 1691 ad
886 1628 1126 1712 exequendum
1143 1628 1361 1693 voluntatem

251 1740 364 1796 me'arn
388 1753 427 1796 ac
450 1730 706 1815 perficiendum,
732 1731 830 1807 facio,
856 1732 986 1807 ordino,
1012 1737 1046 1795 et
1069 1732 1243 1824 constituo
1265 1732 1361 1797 d'nm
1438 1786 1442 1793 .

251 1836 378 1901 Will'm
390 1836 550 1911 Brwster,
563 1834 730 1899 Clericum
741 1835 930 1900 officiorum
942 1836 1013 1900 d’hi
1026 1836 1138 1922 Regis
1152 1836 1361 1901 Canonicum

251 1948 285 2004 et
322 1940 530 2005 confratrem
566 1960 681 2003 meum
717 1940 752 2003 in
789 1940 930 2004 ecclesia
966 1940 1131 2016 Lincoln.,
1170 1941 1361 2006 Robertum

250 2045 417 2129 Flemyng
429 2044 471 2109 de
484 2044 663 2109 Wakeield
675 2044 710 2108 in
722 2044 893 2108 comitatu
906 2046 1022 2119 Ebor.,
1035 2053 1221 2130 cognatum
1234 2066 1359 2122 meum,

251 2149 438 2213 Ricardum
459 2149 565 2224 Blith,
586 2148 754 2213 vicariurn
774 2155 981 2232 perpetuum
1002 2150 1037 2213 in
1058 2149 1198 2214 ecclesia
1219 2151 1361 2233 preben-

249 2252 317 2317 dali
348 2253 390 2316 de
421 2252 641 2337 Cropredye,2
671 2253 840 2337 Mag'rum
871 2252 999 2317 Will'm
1030 2253 1163 2318 Burton
1194 2254 1360 2318 vicarium

248 2364 454 2441 perpetuum
470 2358 513 2421 de
529 2357 698 2421 Chesham
711 2356 923 2432 Wolbome,3
936 2364 970 2420 et
987 2357 1181 2442 Xpoiorum
1195 2358 1360 2443 Manyng-

249 2462 330 2525 ham
343 2462 549 2526 seruientem
562 2482 677 2525 meum
690 2467 890 2525 executores
903 2482 997 2525 meos
1010 2461 1054 2526 ad
1068 2462 1183 2526 omnia
1196 2462 1360 2545 premissa

249 2566 451 2650 exequenda
496 2572 530 2630 et
577 2564 793 2650 perficienda.
842 2565 1033 2629 Residuum
1079 2586 1160 2629 vero
1206 2567 1359 2631 omnium

250 2672 420 2735 honorum
442 2691 597 2735 meorum
620 2691 689 2733 non
712 2668 914 2754 legatorum,
939 2670 1096 2753 expensis
1118 2670 1202 2734 meis
1225 2654 1359 2735 funera-

249 2775 338 2840 libus
374 2774 541 2849 deductis,
578 2772 657 2838 volo
692 2772 786 2859 quod
822 2774 905 2839 dicti
941 2780 1139 2839 executores
1173 2774 1359 2859 disponant

249 2886 352 2965 prout
371 2880 492 2944 melius
510 2879 686 2944 videbitur
703 2878 750 2941 eis
768 2879 928 2962 expedire
946 2899 1008 2962 pro
1026 2878 1137 2943 salute
1155 2879 1267 2943 anime
1286 2900 1360 2943 mee

248 2986 322 3049 Deo
343 2985 486 3068 placere.
535 2984 575 3047 In
598 2983 695 3047 cuius
717 2983 764 3046 rei
786 2983 1025 3047 testimonium
1047 2984 1126 3047 huic
1149 2989 1359 3047 testamento

247 3111 324 3153 meo
345 3089 495 3174 presenti
517 3088 665 3173 sigillum
687 3108 802 3152 meum
825 3087 980 3171 apposui.
1029 3088 1109 3152 Dat.
1134 3087 1188 3152 die
1210 3094 1244 3151 et
1267 3108 1358 3152 anno

247 3194 463 3278 supradictis.

249 3350 336 3433 (297)
366 3349 545 3414 Anurssro
572 3364 786 3412 usurarum
814 3364 889 3411 v1n1
918 3346 1052 3411 Mno'ur
1080 3346 1173 3410 Ric'r
1202 3347 1357 3411 Monrou

291 3470 340 3517 xo
360 3469 584 3518 puusnnuxu
605 3469 653 3517 na
673 3452 960 3516 erxnwxocus

335 3582 534 3666 Capitulum
561 3581 640 3646 eccl.
668 3580 743 3646 coll.
771 3581 867 3645 beati
893 3580 986 3670 Petri
1014 3580 1138 3664 Ripon’
1167 3579 1358 3644 honorabili

247 3687 322 3751 viro
349 3687 479 3771 mag'ro
508 3685 607 3750 Ric’o
634 3685 771 3749 Morton
799 3685 937 3760 clerico,
966 3685 1114 3749 salutem
1141 3685 1176 3748 in
1203 3685 1357 3749 omnium

247 3792 429 3855 saluatore.
477 3789 532 3854 Ad
564 3788 814 3854 Canonicatum
846 3789 983 3853 ecclesie
1015 3794 1131 3853 nostre
1164 3788 1288 3872 Ripon’
1322 3794 1357 3851 et

248 3895 458 3979 prebendam
484 3894 526 3958 de
551 3893 794 3978 Stanewygges
818 3893 853 3956 in
879 3892 999 3957 cadem
1024 3898 1208 3957 vacantem
1232 3899 1266 3956 et
1293 3892 1356 3955 tibi

248 4019 309 4083 per
331 3997 666 4062 Reuerendissimum
686 3997 721 4060 in
741 4016 812 4080 xpo
831 4002 967 4080 patrem
986 4003 1021 4061 et
1043 3997 1150 4071 d’nm,
1178 3996 1357 4061 dominum

248 4105 444 4187 Johannem
472 4102 536 4166 Dei
562 4121 634 4186 gra.
663 4102 767 4165 Ebor.
796 4100 1003 4184 Archiep'm,
1032 4100 1131 4185 Angl.
1161 4101 1355 4183 primatem,
1371 4124 1570 4188 Abpxempe.

248 4215 283 4272 et
306 4207 437 4291 Ap'lice
460 4206 549 4271 sedis
572 4206 724 4291 legatum
747 4204 861 4270 collat.
886 4210 921 4269 te
944 4204 1172 4280 admittimus
1197 4210 1300 4288 teque
1322 4204 1358 4269 in

248 4312 453 4377 canonicum
485 4317 520 4376 et
553 4309 762 4375 confratrem
795 4308 887 4373 dicte
921 4308 1059 4373 ecclesie
1091 4314 1208 4373 nostre
1240 4308 1357 4393 colleg.

249 4418 441 4501 recipimus
464 4415 678 4500 assignantes
699 4413 764 4478 tibi
784 4413 925 4478 stallum
946 4413 981 4478 in
1002 4413 1119 4477 Choro-
1134 4419 1169 4477 et
1190 4413 1303 4477 locum
1324 4413 1360 4478 in

321 4565 328 4586 ¹
348 4558 406 4605 The
419 4557 558 4613 Minories,
573 4570 604 4604 so
616 4555 705 4605 called
719 4554 790 4602 {rom
805 4555 854 4602 the
867 4553 1046 4611 Minoresses;
1067 4567 1112 4601 see
1124 4553 1222 4609 above,
1238 4567 1264 4616 p.
1281 4565 1339 4612 209‘.

320 4655 330 4676 ²
348 4649 407 4697 The
420 4649 543 4712 prebend
557 4648 620 4696 held
634 4648 673 4710 by
687 4648 735 4695 the
748 4649 868 4694 testator
881 4645 908 4693 in
923 4645 1046 4694 Lincoln.

322 4741 489 4789 ³Chesham
515 4740 543 4788 in
570 4739 671 4795 Bucks,
699 4737 830 4800 formerly
856 4737 943 4786 called
966 4736 1103 4786 Chesham
1126 4736 1271 4792 Owborne,
1294 4736 1362 4784 alias

252 4821 401 4870 Woburne.
