3392 5650
328 709 368 769 ,32
602 691 686 755 Tua
713 694 868 755 {unitur
894 692 1154 757 Manuscnirr.

415 868 530 949 Super
556 867 685 949 quibus
713 867 746 929 in
776 867 940 950 parocbia
967 868 1097 951 Ripon'
1121 881 1154 932 et
1179 869 1263 933 locis
1286 870 1432 934 euicinis

328 967 461 1029 laborat
479 967 617 1049 publica
634 989 701 1031 vox
718 967 870 1031 etfama.
922 968 988 1031 Per
1008 989 1070 1031 vos
1094 969 1222 1032 dictum
1248 970 1430 1033 dominum

328 1063 534 1141 Officialem,
568 1079 765 1130 uestrumve
793 1066 1082 1139 Commissarium
1112 1070 1324 1152 generalem,
1355 1091 1432 1152 pro-

327 1167 417 1229 batis
450 1165 482 1228 in
516 1166 582 1231 hoc
613 1189 694 1231 casu
727 1169 769 1232 de
798 1168 871 1231 iure
901 1167 1089 1250 probandis
1117 1170 1373 1233 sentencialiter
1398 1184 1431 1233 et

327 1265 520 1341 diffinitiue‚
540 1266 789 1350 condempnari
809 1280 842 1331 et
864 1267 906 1330 ad
931 1267 1146 1331 solucionem
1172 1268 1260 1332 dicte
1284 1269 1427 1341 decime.

327 1365 355 1427 si
398 1377 490 1429 extet
530 1366 699 1448 alioquin,
741 1367 783 1430 ad
826 1367 902 1430 eius
940 1366 1200 1431 estimacionem
1242 1369 1429 1451 predictam

326 1465 493 1529 canonice
524 1467 685 1548 compelli
717 1480 750 1530 et
777 1466 961 1544 coherceri,
992 1488 1032 1531 ac
1064 1468 1207 1532 vlterius
1238 1469 1429 1533 secundum

328 1577 485 1626 naturam
502 1578 535 1628 et
551 1565 753 1646 qualitatem
774 1566 943 1648 premisso
960 1582 991 1630 et
1013 1567 1105 1631 dicto
1122 1567 1285 1651 Capitulo
1309 1582 1340 1632 et
1364 1569 1430 1632 sibi

327 1664 402 1728 eius
428 1664 568 1727 nomine
593 1663 664 1728 fieri
690 1665 783 1746 quod
809 1664 998 1730 Canonicis
1022 1668 1225 1731 conuenerit
1250 1669 1427 1731 institutis.

330 1763 405 1827 Hec
432 1763 525 1838 dicit,
555 1764 695 1847 allegat,
728 1765 902 1847 proponit,
931 1767 1024 1847 petit,
1051 1780 1083 1830 et
1112 1770 1256 1849 probare
1286 1767 1432 1831 intendit

326 1862 438 1925 dictus
475 1875 674 1945 procurator
714 1864 855 1928 nomine
893 1885 964 1947 quo
1002 1888 1108 1949 supra
1147 1868 1358 1931 coniunctim
1398 1881 1431 1931 et

326 1964 480 2039 diuisim,
509 1964 592 2027 iuris
616 1965 785 2029 beneficio
810 1966 843 2028 in
870 1965 1034 2029 omnibus
1058 1987 1196 2048 semper
1219 1968 1346 2030 saluo:
1374 1967 1431 2029 lite

326 2063 369 2126 ad
409 2063 557 2127 eundem
599 2063 753 2126 libellum
795 2064 908 2146 primo
948 2086 1007 2148 per
1044 2066 1173 2130 dictum
1212 2065 1347 2149 loh'cm
1388 2066 1430 2129 do

330 2162 498 2247 Rouclyff
520 2162 682 2245 negatiue
705 2177 871 2240 contesta,
893 2165 1086 2228 iuramento
1110 2165 1152 2227 de
1175 2165 1376 2247 calumpnia
1400 2178 1432 2228 et

327 2264 369 2327 de
382 2263 524 2327 veritate
540 2262 687 2326 dicenda
704 2283 764 2345 per
782 2277 1037 2346 procuratorem
1055 2264 1144 2327 dicte
1167 2264 1273 2346 partis
1296 2264 1432 2328 actricis

328 2363 517 2426 secundum
546 2361 656 2444 ipsius
680 2383 783 2426 cause
807 2363 1008 2444 qualitatem
1034 2376 1066 2426 et
1092 2376 1248 2426 naturam
1276 2364 1428 2446 prestito

329 2476 529 2545 procurator
556 2462 645 2525 dicte
680 2462 786 2544 partis
813 2483 868 2526 ree
894 2484 953 2545 per
978 2485 1040 2527 nos
1066 2464 1220 2546 legitime
1246 2465 1432 2545 requisitus

253 2607 255 2611 -
328 2564 559 2625 iuramentum
579 2562 779 2625 huiusmodi
797 2562 839 2625 de
857 2563 1057 2646 calumpnia
1077 2575 1228 2645 prestare
1246 2564 1428 2638 recusauit,

327 2683 378 2738 ac,
399 2662 515 2725 habita
533 2661 786 2725 deliberacione
802 2683 880 2725 cum
904 2662 1089 2726 clientibus
1112 2662 1186 2724 suis
1209 2663 1428 2745 supradictis

329 2762 550 2846 postmodum
591 2782 706 2825 coram
741 2761 841 2825 nobis
875 2761 908 2825 in
941 2762 1085 2826 ecclesia
1120 2762 1238 2839 Ebon,
1274 2762 1431 2827 videlicet

329 2866 405 2927 loco
421 2862 616 2926 consistorii
634 2862 788 2925 eiusdem
809 2882 871 2944 pro
888 2862 1051 2925 tribunali
1069 2863 1281 2940 sedentibus
1301 2863 1433 2947 Magis-

329 2976 380 3027 tro
404 2963 590 3051 Willelmo
617 2961 659 3025 de
685 2960 885 3045 Otryngton
918 2982 977 3044 per
1004 2962 1114 3025 dictos
1141 2963 1321 3026 clientclos
1348 2985 1431 3027 suos

328 3063 523 3146 specialiter
561 3061 777 3138 informatus
812 3075 845 3125 et
885 3060 1085 3123 mandatum
1128 3061 1261 3124 babens
1292 3062 1334 3124 ad
1368 3062 1433 3125 hoc

328 3163 478 3245 speciale
495 3161 623 3225 dictum
644 3161 875 3224 iuramentum
894 3161 1079 3242 calumpne
1098 3174 1259 3242 prestare,
1280 3161 1368 3225 sicut
1385 3162 1428 3223 al.

330 3263 511 3337 recusauit,
534 3282 667 3325 necnon
688 3275 824 3322 narrata
842 3261 875 3321 in
894 3259 985 3322 dicto
1003 3260 1120 3323 libello
1137 3281 1218 3323 vera
1238 3281 1313 3323 esse
1339 3245 1433 3322 iuxta

329 3363 474 3427 formam
492 3361 672 3426 cuiusdam
693 3359 918 3443 procuratorii
936 3373 968 3422 et
994 3359 1145 3422 mandati
1171 3359 1236 3422 sibi
1263 3361 1375 3424 traditi
1401 3373 1433 3424 et

329 3462 496 3536 concessi,
531 3481 646 3524 coram
689 3459 789 3522 nobis
823 3458 967 3523 exhibiti
1000 3473 1032 3522 et
1063 3459 1209 3534 dimissi,
1245 3474 1370 3542 sponte
1401 3474 1434 3523 ct

329 3561 532 3644 simpliciter
561 3559 732 3623 fatebatur
764 3560 885 3622 volens
917 3558 950 3619 in
985 3558 1099 3640 petitis
1131 3571 1164 3621 et
1194 3560 1365 3622 contentis
1399 3560 1431 3621 in

331 3663 447 3726 libello
483 3661 635 3744 predicto
676 3680 735 3741 per
774 3673 926 3722 nostram
966 3659 1177 3722 sentenciam
1211 3658 1430 3722 diffinitiuam

329 3761 589 3844 condempnari.
651 3759 764 3836 Vnde,
808 3780 871 3821 nos
911 3757 1182 3821 Commissarius
1224 3759 1430 3832 antedictus,

329 3860 556 3926 consideratis
579 3873 612 3924 et
635 3859 774 3921 attentis
798 3858 963 3921 omnibus
988 3858 1167 3940 premissis
1190 3880 1305 3922 coram
1334 3859 1433 3922 nobis

330 3962 485 4027 deductis
513 3974 545 4024 et
574 3958 780 4023 iudicialiter
807 3958 959 4041 agitatis,
991 3957 1083 4043 Quia
1113 3958 1311 4021 inuenimus
1339 3959 1431 4041 quod

330 4063 421 4126 dicta
439 4082 518 4143 pars
536 4080 592 4123 rea
610 4060 840 4121 iuramentum
860 4059 1046 4139 calumpne
1071 4071 1222 4139 prestare
1248 4058 1430 4129 recusauit,

330 4174 362 4225 et
391 4160 622 4224 intencionem
648 4158 737 4222 dicte
762 4157 870 4239 partis
893 4156 1029 4220 actricis
1053 4177 1168 4219 coram
1194 4158 1359 4220 omnibus
1383 4172 1434 4221 cst

330 4261 500 4334 confessa,
541 4259 666 4322 dictam
713 4268 842 4340 partem
885 4277 975 4319 ream
1018 4257 1050 4318 in
1091 4257 1224 4320 decima
1262 4257 1430 4320 dictarum

330 4363 497 4426 siluarum
517 4360 550 4422 in
568 4359 660 4422 dicto
678 4358 794 4421 libello
811 4356 957 4419 deducta
974 4369 1007 4419 et
1028 4356 1139 4438 posita
1165 4377 1224 4438 per
1248 4377 1431 4439 personam

329 4462 408 4526 dicti
440 4458 672 4543 procuratoris
703 4459 768 4534 sui,
800 4457 1056 4521 sentencialiter
1083 4469 1115 4520 et
1143 4457 1325 4520 diffinitiue
1353 4478 1434 4521 con-

329 4561 573 4642 dempnamus,
604 4571 636 4622 et
665 4557 697 4619 in
730 4557 894 4640 expensis
919 4557 952 4618 in
979 4556 1069 4619 dicta
1093 4576 1198 4619 causa
1223 4578 1283 4638 per
1306 4557 1431 4621 dictam

315 4645 461 4743 'partem
479 4658 637 4722 actricem
663 4655 761 4719 factis
785 4668 817 4720 ct
840 4655 1023 4738 appositis
1043 4677 1189 4738 quarum
1216 4640 1430 4720 tallacionem

331 4760 431 4824 nobis
462 4757 658 4842 specialiter
690 4777 908 4820 reseruamus
940 4768 1113 4838 quatenus
1144 4756 1186 4819 de
1211 4756 1284 4819 iure
1309 4758 1342 4819 in
1369 4758 1433 4820 hac
