3392 5650
154 1689 160 1696 ,
246 1607 329 1672 dicti
357 1607 453 1672 Prior
479 1614 513 1672 et
540 1608 739 1672 Conuentus
765 1608 1035 1693 allegauerimus
1062 1629 1122 1673 seu
1148 1628 1356 1673 successores

621 723 714 790 Acrs
738 743 783 789 os
807 724 986 791 eninm.
1295 722 1358 806 265

248 925 442 969 marcarum
462 905 516 968 vel
533 904 675 969 alicuius
692 904 836 988 parcelle
857 904 1019 979 eiusdem,
1037 925 1097 969 seu
1116 904 1207 969 dicte
1226 924 1359 968 summe

246 1008 478 1093 quadraginta
506 1009 693 1073 solidorum
721 1009 860 1073 nomine
889 1030 985 1093 pene,
1016 1015 1077 1073 aut
1107 1008 1198 1073 dicte
1226 1030 1359 1073 summe

246 1115 398 1198 quinque
417 1134 611 1178 marcarum
629 1115 677 1179 sic
690 1114 824 1178 racione
841 1114 1057 1198 allegacionis
1071 1113 1163 1198 pred.
1180 1132 1355 1178 concessa-

246 1239 332 1294 rum,
354 1219 419 1283 nisi
440 1219 684 1283 tantummodo
705 1218 980 1303 acquietanciam
1000 1219 1054 1281 vel
1075 1218 1171 1283 aliud
1191 1218 1358 1302 scriptum

246 1330 388 1407 portans
408 1324 489 1388 Dat.
509 1324 544 1388 in
563 1324 618 1389 do.
640 1324 696 1388 Ca.
717 1322 927 1407 supradicta.

335 1506 384 1568 Et
406 1503 551 1582 insuper
578 1503 797 1568 concedimus
824 1523 885 1586 per
908 1510 1091 1587 presentes
1117 1504 1211 1588 quod
1239 1503 1266 1567 si
1294 1524 1357 1568 nos
1421 1523 1525 1586 [rthey

1382 1590 1563 1719 altsteti,

246 1711 354 1776 nostri
381 1712 605 1797 allegauerint
632 1712 785 1796 aliquam
812 1713 916 1777 aliam
943 1713 1151 1778 solucionem
1178 1733 1284 1797 quarn
1312 1712 1356 1777 ad
1394 1723 1465 1772 have
1478 1723 1548 1772 been

246 1817 378 1881 dictum
402 1817 509 1881 altare
532 1817 672 1892 factam,
696 1817 768 1881 siue
791 1817 931 1903 aliquod
954 1818 1121 1901 scriptum
1143 1818 1198 1881 vel
1221 1816 1356 1902 acquie-
1370 1791 1453 1906 ¹¹¹ssssss
1469 1790 1570 1920 ppgthat

246 1922 398 1986 tanciam
424 1921 504 1985 alibi
529 1928 672 2005 portans
697 1923 768 1986 dat.
796 1943 903 2005 quam
928 1922 962 1986 in
989 1921 1082 1986 dicta
1107 1922 1162 1987 do.
1189 1921 1246 1985 Ca.
1274 1921 1353 1986 eccl.
1399 1923 1530 2000 'altarat

245 2025 326 2091 Coll.
357 2027 400 2091 de
429 2027 553 2110 Ripon,
584 2027 639 2090 vel
667 2025 807 2112 aliquod
836 2025 930 2089 aliud
959 2046 1018 2110 per
1046 2046 1108 2090 nos
1136 2032 1171 2089 et
1200 2046 1289 2090 succ.
1320 2046 1352 2089 n.
1371 1991 1571 2120 ᾚξξζὲἓέ

246 2131 431 2216 allegatum
478 2131 532 2195 vel
579 2130 796 2216 allegandum
843 2130 946 2194 fuerit
992 2130 1027 2194 in
1073 2131 1355 2195 exoneracionem
1371 2124 1570 2239 bugssmllrihe

245 2237 427 2301 solucionis
463 2237 546 2301 dicti
584 2237 689 2301 annui
726 2236 881 2300 redditus
917 2235 1035 2299 decem
1071 2256 1264 2300 marcarum
1300 2235 1355 2299 vel
1404 2205 1498 2314 nonii,
1513 2257 1536 2306 it

246 2340 388 2405 alicuius
414 2340 559 2424 parcelle
585 2341 737 2405 eiusdem
762 2347 824 2405 aut
850 2339 992 2404 alicuius
1018 2340 1163 2424 parcelle
1188 2361 1355 2425 penarum
1368 2324 1438 2373 ⁵¹¹³¹¹
1459 2324 1493 2373 ¹³⁰
1513 2324 1569 2374 111111

246 2446 488 2530 predictarum,
509 2467 659 2511 vacuum
678 2446 723 2509 sit
741 2452 776 2509 et
795 2444 921 2509 nullius
940 2444 1075 2528 vigoris,
1398 2390 1454 2440 anu
1468 2391 1542 2441 v⁰¹d'

336 2628 384 2691 Et
405 2628 435 2691 si
458 2627 653 2705 contingat,
676 2624 771 2710 quod
798 2624 900 2699 absit,
929 2623 1023 2709 quod
1051 2645 1113 2689 nos
1146 2624 1229 2689 dicti
1261 2625 1357 2689 Prior
1390 2629 1414 2677 If
1427 2630 1494 2692 they
1511 2630 1558 2679 ran

245 2736 280 2793 et
298 2730 497 2794 Conuentus
514 2750 574 2793 seu
591 2749 800 2793 successores
817 2728 882 2792 n'ri
900 2728 1133 2804 defecerimus,
1153 2735 1214 2794 aut
1233 2728 1355 2813 aliquis
1370 2697 1571 2824 toagqp,t(t)hgy

245 2842 403 2900 nostrum
441 2835 603 2899 defecerit
642 2835 676 2898 in
714 2833 886 2898 solucione
925 2833 1018 2916 pred.
1058 2833 1164 2898 annui
1202 2833 1356 2899 redditus
1380 2830 1562 2944 plisnainton

246 2939 364 3004 decem
386 2959 591 3015 marcarum,
615 2938 670 3002 vel
693 2938 835 3002 alicuius
859 2937 1003 3020 parcelle
1026 2937 1178 3002 eiusdem
1201 2938 1245 3002 ad
1268 2939 1357 3003 festa
1382 2911 1562 3016 oiefflsllissf

246 3044 401 3128 predicta
422 3050 457 3107 et
479 3064 539 3127 per
559 3044 712 3129 quinque
733 3042 945 3126 septimanas
966 3048 1045 3126 post
1068 3042 1207 3126 aliquod
1229 3042 1356 3108 festum

246 3149 536 3232 prenominatum,
562 3169 621 3212 seu
653 3147 688 3212 in
718 3146 892 3211 solucione
923 3146 1095 3211 dictorum
1126 3147 1357 3231 quadraginta

247 3251 433 3316 solidorum
466 3251 604 3315 nomine
637 3272 723 3335 pene
756 3272 1008 3317 concessorum.
1036 3251 1090 3315 vel
1124 3252 1158 3316 in
1185 3252 1358 3317 solucione

247 3357 400 3442 quinque
419 3376 612 3421 marcarum
632 3357 767 3421 racione
786 3356 1002 3441 allegacionis
1022 3356 1173 3439 predicte
1193 3357 1227 3421 in
1247 3357 1358 3421 forma

247 3460 402 3543 predicta
417 3480 665 3537 concessarum,
683 3467 811 3525 extunc
826 3461 913 3525 bene
928 3460 1030 3525 liceat
1046 3462 1182 3546 prefato
1198 3461 1357 3547 Capitnlo

247 3563 326 3628 eccl.
345 3563 426 3628 Coll.
445 3564 597 3647 predicte
613 3571 648 3629 et
664 3586 753 3631 succ.
771 3588 796 3631 s.
815 3566 851 3630 in
867 3566 1020 3630 manerio
1036 3566 1111 3630 n'ro
1127 3566 1169 3631 de
1186 3567 1357 3632 Ledeston

246 3687 326 3731 cum
340 3674 426 3752 pert.
442 3689 468 3732 s,
484 3669 611 3733 intrare
624 3676 658 3734 et
672 3671 706 3734 in
719 3672 840 3737 eodem
850 3673 1063 3758 distringere,
1076 3681 1111 3739 et
1124 3675 1358 3741 districciones

247 3772 295 3835 sic
316 3778 437 3857 captas
459 3773 639 3849 abducere,
663 3775 823 3861 effugare,
848 3779 903 3844 vel
927 3785 1114 3864 asportare,
1139 3787 1173 3844 et
1196 3801 1300 3865 penes
1322 3802 1357 3845 se

247 3877 402 3952 retinere,
413 3899 593 3963 quousque
603 3879 667 3943 sibi
681 3880 724 3944 de
738 3883 917 3968 arreragiis
930 3883 1075 3967 predicti
1086 3884 1192 3949 annui
1203 3885 1357 3950 redditus

247 3982 364 4047 decem
384 4003 577 4046 marcarum
597 3988 632 4047 et
652 3983 693 4048 de
713 3985 808 4051 dicta
826 4008 965 4052 summa
984 3987 1215 4072 quadraginta
1234 3990 1357 4054 solido-

246 4108 323 4152 rum
345 4087 482 4152 nomine
504 4108 600 4172 pene,
619 4108 659 4152 ac
679 4110 816 4155 summa
831 4091 984 4176 quinque
1005 4113 1198 4157 marcarum
1219 4094 1358 4159 nomine

246 4191 462 4276 allegacionis
490 4190 525 4254 in
554 4191 664 4256 forma
689 4194 845 4276 predicta
869 4217 1116 4272 concessarum,
1144 4203 1178 4261 et
1207 4198 1357 4283 plenarie

246 4295 351 4360 fuerit
370 4295 589 4358 satisfactum
609 4302 644 4359 et
664 4298 877 4380 persolutum
897 4299 942 4364 ad
962 4300 1069 4365 altare
1089 4301 1292 4384 predictum.

334 4475 384 4539 Et
418 4476 449 4539 si
484 4474 620 4539 dictum
653 4474 709 4539 Ca.
743 4476 822 4541 eccl.
863 4477 938 4542 coll.
974 4478 1067 4561 pred.
1108 4500 1168 4545 seu
1205 4502 1294 4547 succ.
1328 4505 1353 4550 s,
1427 4489 1453 4537 1r
1466 4491 1514 4539 the

244 4577 416 4641 voluerint
432 4576 466 4641 in
483 4577 639 4642 luturum
655 4579 779 4643 habere
795 4586 989 4664 presentem
1004 4588 1136 4648 cartam
1153 4592 1355 4652 renouatam
1386 4555 1552 4685 Cffiffinff

245 4687 280 4745 et
314 4681 357 4744 de
390 4701 482 4745 nouo
516 4681 700 4766 sigillatam
734 4691 875 4769 propter
908 4685 1124 4751 debilitatem
1158 4709 1217 4753 seu
1251 4690 1355 4755 aliam
1368 4688 1436 4737 wrsh
1450 4693 1480 4738 to
1497 4690 1569 4741 have

245 4806 386 4880 causam
398 4786 624 4851 necessariam
636 4808 890 4873 quamcunque,
904 4789 988 4853 dicti
1001 4790 1097 4855 Prior
1109 4797 1144 4856 et
1156 4791 1355 4861 Conuentus
1368 4754 1501 4873 stell&
1502 4761 1569 4875 {221
