3392 5650
666 616 941 683 Cnnrucnuv.

593 709 1020 778 mma:
1320 727 1360 794 37

258 886 428 950 redditum
461 887 609 951 duorum
642 887 832 951 solidorum
862 888 1007 952 comode
1040 888 1198 971 recipere.
1258 887 1302 950 Et
1332 886 1360 950 si

257 985 344 1049 forte
376 986 631 1050 cessauerimus
665 1009 685 1049 a
720 987 870 1070 predicte
906 987 1051 1069 pecunie
1085 987 1265 1051 solucione
1298 999 1363 1051 ter-

258 1085 363 1149 minis
387 1086 650 1169 preassignatiS,
671 1107 731 1169 per
753 1087 843 1150 hanc
866 1099 1058 1169 presentem
1085 1102 1213 1150 cartam
1233 1099 1304 1149 me¹
1329 1099 1362 1149 et

258 1185 402 1249 heredes
431 1207 527 1249 meos
558 1186 715 1271 obligaui
747 1187 864 1251 subire
891 1186 968 1250 sine
994 1186 1165 1250 dilacione
1188 1184 1359 1269 judicium

258 1285 400 1368 capituli
435 1285 566 1369 Ripon'
601 1286 645 1349 ad
684 1286 963 1370 compellendum
1005 1307 1060 1350 me
1097 1298 1130 1349 et
1161 1285 1276 1349 hered.
1312 1306 1356 1348 m.

258 1407 469 1469 quocunque
523 1386 628 1450 modo
681 1386 864 1464 voluerint,
913 1385 957 1448 ad
1011 1384 1162 1467 predicte
1216 1384 1362 1467 pecunie

257 1486 486 1563 solucionem,
516 1486 726 1551 renuncians
750 1487 846 1550 omni
874 1485 1025 1549 remedio
1048 1497 1117 1547 tam
1143 1484 1206 1549 fori
1231 1485 1362 1549 ecclisi-

257 1585 355 1650 astici
373 1607 478 1668 quam
492 1586 669 1650 secularis.
715 1587 753 1649 ln
769 1586 874 1650 huius
892 1586 937 1650 rei
957 1586 1061 1650 robur
1073 1599 1106 1647 et
1122 1584 1359 1648 testimonium

259 1684 339 1749 huic
358 1685 487 1769 scripto
506 1686 663 1769 sigillum
687 1707 801 1749 meum
824 1686 985 1768 apposui.
1037 1685 1118 1750 Hiis
1140 1685 1296 1761 testibus,
1319 1686 1362 1750 de

259 1783 481 1849 Withinton2
530 1797 613 1849 tunc
662 1786 877 1863 senescald0,
930 1784 1059 1850 Rob'to
1108 1785 1151 1849 de
1203 1785 1358 1865 Berford,

260 1884 407 1961 ballivo,
452 1885 581 1949 Rob‘to
620 1885 661 1948 de
703 1886 928 1963 Monketona,
972 1886 1121 1962 Thoma,
1163 1885 1357 1964 Willelm0,

258 1997 291 2048 et
320 1984 475 2049 Roberto
504 1985 546 2049 de
574 1984 739 2062 Cluther’,
769 1984 894 2069 Joh'ne
925 1986 967 2050 de
1001 1986 1136 2063 Hilton,
1171 1986 1361 2069 Radulpho

257 2085 300 2149 de
327 2085 470 2168 Newby,
497 2084 642 2170 Rogero
663 2085 705 2148 de
727 2085 887 2163 Euiston,
912 2086 1096 2150 Willelmo
1118 2086 1160 2150 de
1181 2086 1359 2171 Stodelay,

258 2199 291 2249 et
308 2185 425 2250 multis
441 2186 530 2249 aliis.

673 2286 743 2368 (41)
770 2286 946 2349 Hosuun.

345 2397 545 2479 Capitulum
573 2397 641 2461 S'ci
666 2398 821 2462 Wilfridi
849 2399 892 2463 de
920 2397 1062 2481 Ripon',
1093 2397 1269 2462 Omnibus
1295 2397 1363 2462 s'ce

260 2497 378 2561 matris
409 2497 553 2560 ecclesie
588 2496 680 2572 filiis,
717 2511 785 2560 tam
820 2498 1039 2580 presentibus
1079 2519 1183 2579 quarn
1224 2488 1577 2602 futuris½¹uffl⁰³ssg

258 2597 416 2660 salutem.
483 2596 628 2659 Nouerit
659 2597 868 2661 vniuersitas
901 2610 1013 2661 vestra
1055 2618 1118 2661 nos
1149 2598 1364 2662 concessisse
1380 2585 1481 2674 timon,
1494 2626 1521 2667 u
1534 2627 1576 2667 est

261 2695 324 2758 R.³
354 2695 397 2759 de
429 2694 586 2778 Conyers
622 2709 655 2759 et
694 2698 808 2760 hered.
844 2719 871 2760 S.
908 2697 1035 2761 habere
1068 2698 1237 2779 capellam
1269 2698 1362 2781 apud
1378 2684 1403 2732 ³¹¹
1417 2701 1489 2733 cera.

260 2794 392 2873 Hoton,
435 2807 467 2859 et
505 2796 724 2877 capellanum
769 2797 880 2861 eidem
924 2797 1145 2874 seruientem,
1187 2797 1287 2861 saluo
1328 2797 1361 2860 in

257 2895 423 2960 omnibus
459 2897 531 2961 iure
568 2897 770 2980 parochiali,
805 2898 872 2961 sub
904 2898 968 2961 hac
999 2898 1120 2961 forma.
1183 2897 1363 2962 Predictus

260 2994 304 3056 R.
339 2997 558 3078 capellanum
598 2996 698 3060 nobis
735 2997 958 3079 presentabit,
996 2998 1068 3081 qui,
1102 3010 1289 3079 antequam
1327 2999 1360 3060 in

258 3094 388 3176 prelata
413 3098 546 3179 capella
572 3096 752 3173 ministret,
779 3098 914 3180 Jurabit
939 3097 1040 3160 nobis
1064 3097 1106 3160 de
1133 3096 1363 3180 ldempnitate

256 3194 478 3259 oblacionum
508 3209 542 3260 et
568 3197 826 3260 obuencionum
860 3210 893 3260 et
923 3196 1080 3260 omnium
1114 3196 1360 3261 beneficiorum

256 3316 324 3377 que
363 3297 558 3379 antiquitus
604 3309 637 3360 et
678 3297 720 3360 de
765 3318 857 3361 nouo
899 3297 942 3360 ad
986 3296 1166 3359 ecclesiam
1208 3308 1360 3360 nostram

257 3395 429 3477 pertinere
481 3397 720 3473 dinoscuntur,
773 3409 806 3460 et
859 3397 952 3479 quod
1003 3395 1115 3459 fidelis
1164 3395 1228 3460 erit
1276 3397 1357 3460 eccl.

256 3493 324 3559 S'ci
369 3483 526 3560 wilfridi
570 3510 603 3561 et
649 3496 812 3580 Capitulo
861 3510 894 3560 et
944 3496 1123 3560 Canonico
1169 3496 1212 3559 ad
1262 3497 1362 3560 cuius

256 3595 470 3676 prebendam
504 3596 717 3679 parochialia
747 3597 790 3660 de
824 3597 945 3659 Hotun
982 3596 1165 3679 pertinent,
1202 3616 1263 3659 nec
1299 3617 1362 3660 nos

255 3693 289 3756 in
336 3691 459 3778 aliqho
505 3697 598 3778 quod
649 3711 780 3779 spectet
825 3697 868 3760 ad
917 3697 970 3760 ius
1017 3695 1169 3760 matricis
1220 3696 1363 3760 ecclesie

253 3793 431 3858 fraudabit
507 3795 551 3858 Et
583 3809 736 3878 preterea
773 3797 862 3860 idem
896 3796 1098 3879 capellanus
1136 3797 1202 3858 sub
1240 3794 1361 3858 eodem

254 3893 426 3958 iurament
488 3896 588 3959 nobis
628 3896 851 3979 respondebit
890 3918 952 3979 pro
991 3908 1062 3958 tota
1101 3895 1160 3957 illa
1200 3895 1363 3977 parochia

255 4007 372 4059 nostra
388 3995 446 4059 cu'
466 3995 593 4058 seruiet
609 3995 651 4058 de
668 3996 778 4059 tribus
794 3996 1037 4059 oblacionibus
1054 3994 1156 4057 trium
1175 3994 1365 4077 solempni-

253 4105 360 4157 tatum
390 4096 600 4159 annualium
633 4116 692 4177 per
721 4096 884 4179 singulos
911 4116 1034 4172 annos,
1066 4094 1196 4157 scilicet
1229 4093 1363 4156 Natalis

255 4194 349 4271 D’ni,
382 4197 508 4273 Pace,
540 4209 572 4259 et
601 4195 690 4259 beati
721 4194 888 4259 Wilfridi.
941 4195 1034 4257 ldem
1064 4208 1116 4257 est
1145 4193 1178 4255 in
1208 4194 1365 4276 quolibet

252 4295 423 4378 predictos
459 4319 489 4359 m
518 4295 682 4359 festorum
713 4295 755 4358 de
784 4315 996 4377 unoquoque
1026 4294 1242 4357 Husebande
1264 4291 1278 4376 j
1304 4295 1360 4357 ob.

251 4407 283 4458 et
321 4394 363 4458 de
409 4419 428 4458 v
465 4417 626 4478 aquaque
675 4395 837 4457 Husewif
868 4394 882 4478 j
919 4396 989 4471 ob,
1031 4415 1119 4475 quas
1163 4393 1364 4457 oblaciones

252 4494 424 4576 predictus
485 4497 687 4579 capellanus
738 4496 941 4558 auctoritate
991 4495 1081 4557 beati
1130 4491 1284 4555 Wilfridi
1332 4506 1365 4556 ct

252 4607 369 4658 nostra
395 4609 428 4660 et
464 4597 492 4658 si
523 4615 662 4658 necesse
688 4594 799 4671 fuerit,
828 4594 910 4657 d'no
941 4594 984 4655 R.
1016 4607 1048 4656 et
1077 4593 1263 4656 heredibus
1291 4593 1365 4656 suis

317 4737 323 4759 ¹
343 4731 434 4797 Repea
448 4735 493 4781 tcd
507 4734 531 4780 in
547 4733 604 4780 MS.
672 4737 682 4757 ²
700 4731 743 4778 No
756 4731 895 4779 Christian
908 4747 988 4778 nanae
1002 4731 1026 4776 in
1042 4729 1098 4776 MS.

315 4828 325 4859 ³
343 4823 433 4875 Rober
458 4841 527 4880 ,son
541 4826 571 4872 ol'
583 4825 686 4886 Roget.
723 4823 775 4871 See
788 4821 870 4870 Mem.
887 4822 984 4886 Ripou,
1000 4821 1020 4880 1,
1036 4836 1090 4868 201.
