3392 5650
663 720 757 788 Acrs
781 742 826 789 or
850 722 1029 791 Cnnpran.
1177 797 1187 803 ,
1339 744 1400 808 133

291 907 466 965 consueta,
515 902 560 965 Et
585 902 613 966 si
638 903 817 988 contingat
841 904 1035 987 predictum
1061 904 1233 969 redditum
1259 905 1401 989 triginta

292 1010 325 1067 et
354 1005 506 1089 quinque
534 1007 721 1072 solidorum
749 1014 783 1071 et
811 1014 890 1071 octo
918 1008 1135 1073 denariorum
1163 1031 1184 1073 a
1211 1014 1301 1073 retro
1329 1030 1400 1073 esse
1477 1011 1556 1087 Ἦ

294 1110 412 1190 (power
427 1117 458 1173 to
474 1110 641 1194 distrain).
691 1113 747 1176 Ita
762 1133 896 1196 semper
912 1113 1005 1196 quod
1022 1113 1225 1196 Capellanus
1241 1112 1400 1177 Cantarie
1414 1114 1600 1177 'sheChaPlal

291 1214 442 1296 predicte
473 1236 532 1299 qui
563 1236 625 1298 pro
656 1222 809 1300 tempore
841 1217 943 1281 fuerit
974 1218 1155 1282 matutinis
1185 1218 1335 1301 vesperis
1365 1224 1400 1281 et
1415 1186 1599 1301 toiqecpqusren

291 1317 367 1401 alijs
402 1319 493 1382 horis
527 1321 699 1384 canonicis
734 1321 768 1384 in
803 1321 907 1385 choro
941 1322 1032 1385 dicte
1066 1321 1203 1385 ecclesie
1237 1322 1399 1385 continue

289 1422 435 1487 intersit.
490 1424 534 1486 Et
559 1444 621 1508 ego
645 1446 726 1510 vero
749 1424 924 1508 predictus
949 1425 1064 1490 Dauid
1090 1425 1304 1507 (Warronty).
1358 1426 1398 1490 ln

288 1526 384 1590 cuius
416 1528 461 1590 rei
496 1533 564 1590 test
592 1530 624 1591 h.
656 1549 687 1611 p.
718 1549 746 1593 c.
776 1529 836 1612 sig.
867 1551 911 1594 m.
942 1530 1098 1614 apposui,
1129 1530 1207 1613 Hijs
1239 1530 1396 1606 testibus

289 1630 423 1715 Rogero
443 1632 485 1696 de
506 1633 651 1715 Hewyk,
674 1633 811 1697 Simone
831 1631 967 1707 Warde,
989 1632 1176 1697 Cristoioro
1197 1632 1396 1716 Maylloure,

287 1736 465 1810 militibus,
491 1737 650 1819 Johanne
674 1738 716 1801 de
739 1736 955 1819 Schyrwode‚
982 1736 1111 1800 Rob'to
1132 1737 1174 1800 de
1196 1738 1396 1814 Brunhows,

287 1838 447 1920 Johanne
475 1840 517 1904 de
549 1840 705 1916 Tanleld,
735 1841 885 1906 Will'mo
913 1841 955 1904 de
986 1842 1142 1917 Scotton,
1171 1842 1323 1907 Waltero
1355 1843 1397 1907 de

287 1944 405 2018 Ledes,
428 1951 462 2008 et
482 1946 601 2010 multis
622 1945 706 2008 aliis.
756 1947 836 2009 Dat.
859 1945 953 2029 apud
977 1946 1102 2029 Ripon‚
1124 1946 1286 2011 vicesimo
1305 1969 1397 2011 nono

286 2048 341 2111 die
361 2050 487 2113 mensis
508 2049 638 2132 Marcii,
656 2049 758 2113 Anno
779 2050 872 2133 regni
896 2050 998 2134 Regis
1018 2050 1180 2115 Edwardi
1200 2052 1297 2115 tercii
1317 2059 1396 2135 post

286 2159 514 2236 conquestum
532 2154 795 2238 quadragesimo
815 2155 931 2219 tercio.

373 2321 557 2385 Ordinacio
594 2342 675 2385 vero
712 2321 802 2385 dicte
840 2321 999 2386 Cantarie
1036 2343 1096 2405 per
1132 2322 1264 2387 dictum
1301 2323 1396 2387 d'nm
1429 2332 1595 2381 Ordination

287 2425 401 2488 Dauid
420 2425 513 2489 facta
531 2427 687 2509 sequitur
705 2426 739 2490 in
758 2427 849 2489 hunc
868 2427 1020 2491 modum.
1446 2399 1580 2529 ςζὲἑῗξγ

374 2590 414 2652 In
432 2589 560 2672 primis,
580 2589 754 2672 predictus
771 2589 848 2653 d'ns
867 2589 1042 2672 Johannes
1060 2590 1161 2665 Clint,
1181 2590 1395 2674 Capellanus,
1423 2608 1557 2671 chaplatn
1572 2612 1600 2656 to

285 2700 319 2756 et
350 2713 558 2757 successores
588 2694 640 2758 sui
670 2693 844 2777 Capeliani
875 2694 1033 2757 Cantarie
1063 2695 1215 2777 predicte
1245 2695 1304 2779 qui
1335 2717 1396 2779 pro
1410 2676 1444 2724 be
1458 2675 1600 2791 l'csffgffth

286 2803 440 2880 tempore
469 2797 596 2861 luerint
625 2797 784 2862 intersint
812 2799 1037 2881 personaliter
1065 2800 1099 2863 in
1127 2799 1231 2863 choro
1259 2799 1396 2864 ecclesie
1548 2782 1552 2798 ¹

284 2907 400 2965 nostre
420 2902 534 2985 Ripon
554 2902 588 2966 in
607 2903 730 2966 habitu
749 2902 950 2966 condecenti
969 2903 1123 2985 quolibet
1142 2902 1197 2965 die
1215 2903 1397 2967 matutinis

284 3007 376 3069 horis
408 3006 580 3070 canonicis
611 3027 734 3090 magne
766 3008 877 3080 misse,
911 3007 1071 3090 vesperis,
1105 3014 1139 3070 et
1171 3008 1205 3070 in
1237 3008 1412 3072 omnibus·

284 3111 556 3194 processionibus
580 3111 669 3174 sicut
693 3112 796 3174 ceteri
821 3111 969 3175 ministri
994 3110 1131 3174 ecclesie
1155 3110 1307 3194 predicte
1332 3111 1396 3175 nisi

284 3215 486 3279 infirmitate
515 3215 642 3279 fuerint
674 3215 817 3288 detenti,
846 3216 901 3278 vel
933 3215 1085 3298 aliquam
1118 3235 1258 3279 causam
1290 3216 1395 3279 racio·

284 3319 433 3383 nabilem
465 3321 648 3384 habuerint
680 3340 870 3404 perquam
895 3326 1059 3402 poterunt
1088 3314 1392 3383 debite'excusari.

284 3423 350 3507 Qui
362 3424 502 3508 quidem
515 3424 591 3488 d'ns
604 3425 780 3507 Johannes
792 3424 883 3488 Clint
896 3429 930 3486 et
942 3444 1151 3488 successores
1163 3424 1215 3487 sui
1227 3425 1393 3507 capellani
1438 3433 1492 3507 aad
1506 3432 1577 3480 shall

284 3528 375 3591 dicte
409 3528 568 3592 Cantarie
601 3549 663 3611 pro
696 3528 823 3592 salubri
857 3534 953 3593 statu
986 3534 1104 3592 nostro
1137 3536 1171 3592 et
1205 3527 1288 3593 dicti
1321 3529 1393 3593 d'ni
1431 3499 1583 3614 ‘¹332sz

284 3633 399 3697 Dauid
425 3654 465 3697 ac
491 3634 737 3697 venerabilium
763 3633 916 3698 virorum
942 3634 1160 3698 dominorum
1187 3634 1325 3697 Henrici
1351 3633 1393 3697 de
1407 3633 1446 3681 st.
1465 3632 1600 3681 Andrew’s

285 3738 439 3822 lngelby‚
469 3738 627 3801 Willelmi
656 3739 698 3802 de
727 3739 867 3811 Dalton‚
898 3738 1147 3802 Canonicorum
1176 3739 1291 3813 Ebor.,
1321 3738 1392 3802 d’ni
1419 3700 1595 3829 thiltssgrigils

284 3842 414 3906 Thome
432 3843 474 3906 de
493 3842 625 3925 Newby
643 3843 804 3907 Canonici
824 3843 976 3916 Lincoln,
996 3848 1030 3905 et
1049 3842 1116 3905 d'ci
1134 3842 1205 3906 d’ni
1224 3842 1393 3924 Johannis
1451 3834 1560 3882 named.

284 3946 374 4010 Clint
401 3946 484 4010 dum
510 3947 707 4020 vixerimus,
735 3953 769 4010 et
796 3947 977 4010 animabus
1003 3946 1128 4009 nostris
1154 3967 1232 4009 cum
1259 3947 1303 4010 ab
1329 3946 1393 4010 hac

284 4052 358 4115 luce
385 4052 552 4135 migraue-
579 4052 629 4134 (57
657 4052 700 4132 v.)
732 4051 847 4126 rimus,
872 4071 1004 4114 necnon
1037 4050 1217 4114 animabus
1249 4050 1393 4115 Galiridi
1470 4052 1541 4114 Abp.

283 4155 460 4240 quondam
489 4157 591 4220 Ebor.
621 4155 803 4239 Archiep'i,
833 4154 990 4218 Godfridi
1018 4161 1052 4217 et
1081 4153 1225 4218 Galtridi
1254 4155 1391 4231 Larder,
1411 4118 1600 4248 Plppppgreenyeh

284 4282 324 4324 ac
339 4261 446 4324 eciam
462 4261 642 4325 animabus
658 4267 852 4343 parentum,
869 4259 1067 4332 amicorum,
1084 4265 1118 4321 et
1134 4254 1392 4323 benefactorum

284 4372 480 4428 nostrorum
520 4373 554 4429 et
594 4365 748 4429 omnium
789 4363 941 4428 fidelium
981 4362 1233 4438 detunctorum,
1275 4363 1393 4428 diuina

284 4470 394 4534 officia
419 4470 559 4554 singulis
584 4469 705 4533 diebus
730 4469 774 4533 ad
800 4469 908 4533 altare
934 4468 1051 4533 Sancti
1076 4468 1211 4533 Andree
1236 4469 1393 4552 Apostoli

285 4575 318 4637 in
341 4573 435 4638 dicta
458 4574 598 4638 ecclesia
620 4579 738 4639 nostra
762 4573 887 4657 Ripon’
912 4578 1078 4657 perpetuo
1101 4574 1334 4649 celebrabunt,
1359 4580 1393 4639 et

284 4679 351 4742 alia
380 4678 506 4743 facient
536 4686 570 4742 et
600 4678 793 4762 implebunt
822 4699 889 4762 que
919 4677 1058 4742 interius
1088 4678 1285 4742 recitantur.
1346 4671 1393 4742 Et

283 4784 572 4870 quandocumque
603 4783 697 4848 dicta
728 4783 891 4849 Cantaria
922 4802 1057 4846 exnunc
1087 4781 1274 4858 vacauerit,
1307 4782 1393 4846 D'ns
