3392 5650
386 708 452 789 256
673 709 752 775 Tur
777 709 934 774 Incnar
958 709 1206 777 Manoscnrrr.

387 887 518 965 iecisse,
551 889 723 964 fundasse,
756 895 790 953 et
822 889 1002 965 stabilisse,
1027 910 1066 954 ac
1098 890 1235 972 Joh’em
1267 890 1309 954 de
1337 889 1499 964 Threske,

386 993 625 1077 presbiterum,
668 994 819 1058 eiusdem
870 995 1023 1058 cantarie
1074 995 1224 1078 primum
1275 993 1499 1079 Capellanum

386 1097 592 1172 nominasse,
637 1098 822 1172 ordinasse,
868 1105 902 1162 et
946 1118 1007 1182 per
1050 1105 1224 1183 presentes
1267 1098 1498 1173 constituisse,

387 1200 566 1285 eidemque
598 1202 691 1285 Joh’i
720 1202 762 1266 de
790 1202 940 1266 Threske
963 1203 1179 1278 tradidimus,
1202 1204 1441 1278 concessimus,
1465 1209 1500 1266 et

387 1306 420 1370 h.
437 1326 470 1388 p.
486 1306 615 1389 scripto
629 1312 747 1370 nostro
757 1306 1005 1390 quatripartito
1015 1306 1306 1383 confirmauimus
1322 1306 1500 1391 quandam

191 1410 372 1523 {nnvarpenn
388 1430 535 1474 vacuam
556 1410 710 1494 placeam
733 1416 821 1473 terre
841 1431 921 1474 cum
942 1411 1163 1495 pertinenciis
1184 1412 1219 1475 in
1241 1411 1396 1495 predicta
1417 1411 1500 1475 villa

191 1480 240 1591 {if}
249 1489 374 1606 ogrargpple
388 1514 430 1578 de
453 1514 586 1578 Norton
608 1515 767 1598 Conyers‚
786 1516 1022 1579 continentem
1041 1522 1181 1580 centum
1203 1516 1307 1601 pedes
1331 1517 1365 1580 in
1382 1515 1501 1579 latitu-

191 1625 215 1659 Π
234 1609 372 1673 ⁰¹¹³P¹³¹¹¹·
388 1618 467 1682 dine
495 1626 530 1683 et
559 1618 726 1684 ducentos
754 1620 857 1703 pedes
886 1620 920 1683 in
949 1620 1163 1704 longitudine
1191 1641 1253 1704 pro
1281 1620 1501 1685 edificacione

387 1724 489 1787 vnius
502 1723 666 1808 mesuagij
683 1731 717 1787 et
728 1723 908 1788 cuiusdam
918 1724 1051 1808 gardini
1065 1745 1166 1808 super
1179 1724 1323 1789 eandem
1334 1725 1500 1808 placeam,

388 1848 448 1911 per
481 1827 736 1892 ordinacionem
770 1834 936 1902 nostram,
968 1849 1030 1912 pro
1062 1828 1317 1893 inhabitacione
1348 1827 1502 1893 eiusdem

388 1932 499 2014 Joh'is
521 1932 563 1995 de
584 1932 734 1996 Threske
755 1938 790 1995 et
811 1952 1044 1997 successorum
1065 1953 1205 1997 suorum
1226 1933 1317 1997 dicte
1338 1931 1499 1997 Cantarie

388 2036 650 2120 Capellanorum
669 2036 836 2101 iacienda.
885 2036 1044 2102 Habend.
1065 2043 1099 2101 et
1118 2037 1255 2102 tenend.
1275 2037 1386 2101 eidem
1405 2036 1498 2120 Joh'i

388 2140 430 2203 de
449 2140 598 2205 Threske
617 2148 651 2205 et
670 2142 921 2205 successoribus
939 2142 1008 2205 suis
1027 2142 1118 2205 dicte
1136 2140 1296 2205 Cantarie
1314 2141 1500 2225 capellanis

388 2245 579 2329 predictam
590 2245 744 2329 placeam
756 2253 844 2309 terre
854 2266 933 2309 cum
944 2245 1161 2335 pertinenciis
1172 2266 1234 2330 pro
1244 2246 1500 2310 inhabitacione

388 2370 450 2413 sua
472 2350 737 2433 imperpetuum.
786 2350 832 2413 Et
855 2350 993 2433 insuper
1014 2351 1242 2415 concessimus
1265 2357 1298 2414 et
1321 2350 1354 2414 h.
1378 2370 1411 2433 p.
1435 2370 1498 2413 scr.

191 2462 260 2526 light
282 2462 375 2510 marks
389 2454 464 2518 n'ro
475 2454 755 2519 confirmauimus
767 2454 903 2538 prefato
915 2454 1008 2537 Joh’i
1020 2455 1063 2519 de
1074 2454 1224 2519 Threske
1236 2461 1315 2519 octo
1327 2460 1500 2518 marcatas

223 2545 240 2577 ²
253 2544 327 2592 year.
390 2559 495 2623 annui
531 2559 686 2623 redditus
721 2559 928 2643 percipiend.
966 2560 1147 2623 annuatim
1182 2559 1293 2623 eidem
1329 2558 1421 2642 Joh’i
1457 2558 1500 2622 de

389 2663 520 2728 Thresk
551 2670 585 2727 et
616 2665 867 2728 successoribus
897 2664 967 2727 suis
997 2663 1088 2727 dicte
1119 2662 1278 2727 Cantarie
1309 2661 1500 2746 Capellanis

391 2769 433 2834 de
463 2769 618 2854 predicto
648 2769 800 2833 manerio
830 2789 910 2833 cum
940 2768 1063 2853 pertin.
1096 2773 1130 2831 et
1161 2767 1203 2831 de
1234 2767 1393 2832 omnibus
1423 2766 1500 2850 alijs

388 2874 497 2949 terris,
517 2875 732 2949 tenementis
750 2873 953 2949 redditibus,
971 2879 1006 2936 et
1022 2872 1175 2956 seruicijs
1191 2892 1270 2936 cum
1287 2872 1356 2937 suis
1374 2871 1498 2955 pertin.

391 2999 458 3063 que
486 2979 625 3043 fuerunt
653 2978 797 3062 predicti
826 2977 913 3042 Ric'i
942 2977 1075 3041 Norton
1103 2976 1258 3041 defuncti
1284 2977 1319 3040 in
1346 2975 1502 3060 predicta

388 3083 471 3147 villa
490 3083 532 3147 de
552 3083 686 3147 Norton
705 3082 856 3166 Conyers
875 3081 920 3146 ad
940 3082 1028 3146 testa
1047 3081 1113 3146 S’ci
1133 3081 1272 3145 Martini
1291 3081 1327 3145 in
1345 3099 1445 3164 yeme
1464 3086 1498 3143 et

390 3188 621 3262 PentecosteS,
639 3187 735 3271 equis
752 3187 980 3270 porcionibus,
999 3186 1034 3250 in
1054 3185 1220 3250 auxilium
1236 3184 1501 3249 sustentacionis

390 3312 450 3356 sue
464 3313 503 3355 ac
515 3291 817 3375 supportacionem
830 3311 973 3355 onerum
985 3295 1020 3354 et
1033 3289 1292 3354 ordinacionum
1305 3294 1501 3353 nostrorum

389 3396 661 3479 subscriptorum
705 3395 970 3479 imperpetuum.
1018 3395 1121 3459 Cuius
1164 3394 1305 3478 quidem
1347 3393 1501 3457 cantarie

390 3500 565 3564 ordinacio
583 3499 739 3584 sequitur
757 3506 791 3563 et
811 3505 863 3563 est
883 3499 971 3563 talis.

191 3745 375 3810 *hecnaplain
481 3720 522 3782 In
554 3719 678 3797 primis
719 3717 848 3781 scilicet
895 3716 1055 3780 volumus
1106 3721 1140 3779 et
1191 3715 1389 3779 ordinamus
1444 3734 1505 3798 per

191 3814 279 3929 effi
286 3827 378 3929 ffiqoe
393 3830 567 3907 presentes
583 3822 677 3907 quod
694 3821 870 3905 predictus
887 3820 1063 3903 Jobannes
1080 3819 1123 3883 de
1139 3820 1289 3883 Threske
1306 3826 1341 3883 et
1357 3818 1503 3904 quilibet

191 3948 324 4008 Minary
337 3946 366 3994 or
393 3927 479 3992 alius
506 3948 588 3992 suus
615 3945 788 3991 successor
815 3925 906 3990 dicte
934 3924 1096 3989 Cantarie
1123 3924 1327 4008 Capellanus
1353 3923 1413 4007 qui
1441 3942 1504 4006 pro

191 4013 377 4144 ¹⁰32&ng
393 4038 547 4116 tempore
566 4032 680 4106 fuerit,
700 4036 887 4114 postquam
905 4049 965 4113 per
982 4049 1055 4104 nos,
1069 4028 1220 4104 heredes,
1234 4048 1293 4091 seu
1312 4027 1503 4111 assignatos

192 4147 350 4195 institution
393 4142 528 4201 nostros
556 4136 601 4200 ad
629 4135 774 4200 eandem
802 4133 1011 4208 Cantariam,
1035 4131 1100 4196 loci
1128 4132 1217 4197 illius
1241 4130 1413 4196 ordinario
1441 4151 1503 4214 pro

392 4248 547 4325 tempore
565 4239 727 4304 existenti
746 4238 849 4303 fuerit
868 4242 1086 4321 presentatus
1105 4242 1139 4300 et
1158 4257 1219 4320 per
1236 4236 1349 4320 ipsum
1367 4235 1502 4301 ordina-

392 4344 481 4409 rium
508 4344 677 4409 admissus
704 4343 748 4406 ad
775 4342 920 4406 eandem
947 4347 981 4405 et
1008 4340 1191 4405 institutus
1218 4346 1253 4404 et
1279 4339 1442 4405 inductus
1468 4339 1503 4403 in

391 4449 511 4514 eadem
541 4454 644 4533 prout
673 4447 778 4511 moris
806 4453 859 4510 est
888 4452 923 4509 et
952 4444 995 4509 de
1024 4445 1097 4509 iure
1126 4445 1198 4508 fieri
1228 4443 1332 4509 debet
1362 4445 1397 4508 in
1427 4443 1504 4527 alijs

392 4552 566 4637 beneficiis
584 4551 830 4626 ecclesiasticis,
852 4550 972 4615 missas
991 4555 1026 4613 et
1042 4549 1110 4614 alia
1125 4549 1244 4614 divina
1260 4548 1425 4634 obsequia
1441 4569 1504 4633 pro

391 4665 488 4723 statu
505 4665 540 4722 et
558 4657 739 4722 animabus
756 4655 963 4738 supradictis
980 4654 1015 4718 in
1033 4652 1172 4738 Capella
1189 4652 1345 4738 predicta
1362 4653 1503 4737 singulis

392 4764 512 4828 diebus
550 4762 815 4846 imperpetuum,
856 4764 1012 4823 cessante
1050 4756 1298 4842 impedimento
1336 4756 1502 4843 legitimo,
