3392 5650
650 726 744 792 Acrs
768 745 813 792 or
836 726 1014 793 emuna
1324 742 1386 810 139

279 906 371 989 line).
415 908 462 971 Et
475 906 517 971 de
530 906 621 971 dono
633 906 763 970 Thome
776 905 818 970 de
835 906 942 971 Ledes
955 911 1024 970 tres
1037 923 1132 971 acras
1145 911 1179 970 et
1192 906 1237 971 di.
1252 910 1340 969 terre
1352 904 1387 968 in

279 1011 410 1095 campis
438 1011 480 1076 (16
509 998 684 1095 11100061
711 1011 827 1095 Thorp
855 1011 953 1075 iuxta
982 1011 1105 1095 Ripon.
1154 1012 1200 1075 Et
1228 1010 1270 1075 (16
1297 1010 1388 1074 dono

279 1115 422 1179 Walteri
458 1115 500 1179 de
537 1115 644 1179 Ledes
679 1114 866 1199 quemdam
900 1115 1082 1179 annualem
1119 1115 1292 1180 redditum
1328 1135 1387 1178 sex

279 1219 466 1283 solidorum
490 1224 525 1283 61
549 1225 628 1283 0610
652 1218 870 1282 denariorum
895 1219 936 1283 de
961 1226 1030 1284 ten.
1056 1241 1118 1284 suo
1142 1221 1274 1284 iacente
1298 1220 1333 1282 in
1358 1219 1388 1281 16

279 1324 508 1388 Merketstede
533 1344 575 1387 ex
601 1329 699 1407 parte
725 1323 883 1387 orientali
908 1323 998 1388 inter
1022 1345 1172 1409 mesuag.
1201 1323 1320 1388 Rob’ti
1345 1322 1387 1387 de

279 1428 489 1492 Bumehows
517 1449 559 1491 ex
588 1448 657 1491 vna
686 1433 784 1511 parte
812 1431 847 1490 et
877 1433 945 1491 160.
977 1427 1087 1510 Joh’is
1116 1428 1316 1511 Frankysch
1345 1448 1387 1490 ex

279 1533 387 1596 altera
398 1538 506 1616 parte.
556 1533 644 1595 Item
656 1532 699 1595 de
710 1532 801 1596 dono
813 1532 958 1615 predicti
970 1532 1080 1615 Joh’is
1092 1532 1133 1597 (16
1146 1533 1386 1615 Hawkeswyk,

277 1657 385 1700 vnum
400 1657 552 1701 annuam
566 1636 740 1704 redditum
754 1657 813 1700 sex
827 1637 1014 1701 solidorum
1028 1643 1063 1701 et
1077 1644 1156 1701 octo
1170 1636 1387 1702 denariorum

277 1747 415 1805 exeunt.
444 1741 486 1804 de
512 1761 582 1804 vno
607 1741 781 1826 mesuagio
808 1741 985 1825 quondam
1011 1741 1155 1806 Galfridi
1182 1742 1326 1807 Glouere
1352 1743 1387 1806 in

277 1845 514 1930 Ploxomgate.
562 1846 609 1908 Et
624 1844 666 1908 de
682 1845 773 1909 dono
789 1852 823 1910 et
839 1846 1055 1910 concessione
1072 1847 1246 1931 Ranulphi
1263 1848 1386 1932 Pygot,

277 1949 406 2024 militis,
433 1948 621 2034 quemdam
648 1951 831 2014 annualem
858 1950 1031 2015 redditum
1058 1951 1175 2015 decem
1201 1951 1387 2016 solidorum

277 2060 414 2119 exeunt.
445 2053 487 2118 (16
516 2054 614 2117 161116
643 2060 678 2118 61
707 2060 776 2119 ten.
807 2054 877 2118 suis
906 2054 940 2118 in
970 2055 1131 2138 Bokesby
1160 2055 1291 2138 Pykall.
1340 2056 1387 2119 Et

277 2158 368 2222 dono
389 2157 493 2221 Will'i
514 2158 557 2221 de
578 2159 777 2223 Thometon
799 2158 986 2242 quemdam
1008 2159 1191 2223 annualem
1213 2159 1386 2223 redditum

276 2283 336 2327 sex
356 2263 543 2327 solidorum
564 2267 598 2326 61
619 2269 698 2328 0610
718 2263 937 2328 (16001101010
957 2269 1094 2327 exeunt.
1117 2263 1159 2327 de
1179 2268 1247 2328 ten.
1269 2285 1332 2328 suo
1352 2264 1386 2328 in

277 2367 454 2452 Westgate
473 2368 508 2431 in
527 2389 597 2452 quo
616 2368 790 2451 predictus
809 2368 918 2432 Will’s
937 2368 1120 2432 inhabitat.
1169 2368 1215 2432 Et
1234 2368 1276 2432 de
1296 2368 1387 2432 dono

277 2473 389 2556 Joh’is
421 2472 463 2536 de
495 2472 656 2556 Morpath
688 2471 875 2556 quemdam
907 2471 1090 2564 annualem
1122 2472 1295 2536 redditum
1327 2494 1386 2536 sex

277 2577 464 2641 solidorum
479 2582 514 2639 et
529 2583 608 2641 octo
624 2576 842 2641 denariorum
858 2582 995 2640 exeunt.
1013 2575 1055 2639 de
1069 2576 1221 2660 quadam
1237 2575 1387 2661 Grangia

277 2687 312 2746 et
342 2702 412 2745 vno
442 2680 629 2745 columbari
662 2681 784 2745 iacent.
817 2681 916 2744 iuxta
946 2679 1132 2764 Grangiam
1163 2681 1302 2745 Henrici
1332 2681 1387 2745 del

279 2786 378 2851 Κ61(1.
426 2786 473 2850 Ε1
499 2785 678 2850 dimidiam
705 2791 839 2870 partem
866 2785 967 2849 vnius
993 2784 1123 2869 Cotagij
1153 2784 1187 2849 10
1211 2785 1387 2871 Westgate

276 2914 319 2956 ex
349 2892 440 2956 dono
472 2891 591 2954 Rob'ti
621 2891 663 2954 de
693 2890 840 2973 Wytton
871 2896 906 2954 et
936 2889 1047 2972 Joh’is
1077 2891 1277 2974 Frankysch
1307 2913 1385 2956 cum

277 2996 436 3060 omnibus
469 2995 538 3059 suis
572 2994 792 3078 pertinencijs
825 2994 1111 3079 quibuscumque,
1145 3015 1212 3078 que
1245 2995 1385 3079 quidem

277 3108 365 3166 terre
390 3107 424 3165 et
449 3106 646 3164 tenementa
670 3099 824 3183 predicta
848 3103 1010 3162 tenentur
1033 3098 1075 3162 de
1099 3099 1180 3163 d’no
1202 3098 1385 3185 Archiep'o

276 3211 311 3270 et
344 3204 431 3288 alijs
479 3205 638 3269 Habend.
673 3210 708 3268 et
742 3202 879 3268 tenend.
914 3203 1068 3286 predicto
1101 3203 1183 3268 d'no
1215 3205 1308 3287 Joh'i
1342 3206 1384 3270 de

277 3310 441 3394 Cabergh,
484 3309 677 3393 Capellan0,
720 3314 754 3373 et
794 3308 1044 3373 successoribus
1084 3309 1153 3373 suis
1193 3310 1384 3394 Capellanis

277 3414 490 3498 temporibus
508 3414 682 3497 perpetuis
700 3413 825 3477 futuris
843 3413 878 3477 in
898 3412 991 3477 dicta
1009 3413 1146 3497 Capella
1164 3415 1385 3480 celebraturis

277 3538 339 3601 pro
359 3518 448 3582 viuis
468 3524 502 3582 et
522 3517 693 3582 defunctis
712 3518 867 3601 superius
887 3517 1100 3600 specificatis,
1122 3518 1235 3595 libere,
1256 3521 1383 3604 quiete,

277 3628 311 3686 et
327 3621 361 3685 in
376 3642 460 3704 pace
475 3622 619 3686 faciend.
637 3628 671 3685 et
686 3621 860 3686 reddendo
875 3621 1088 3705 Capitalibus
1102 3622 1191 3686 d’nis
1206 3623 1383 3689 feodorum

277 3726 412 3790 illorum
438 3726 581 3790 seruicia
607 3726 725 3790 debita
751 3732 786 3790 et
812 3726 855 3790 de
881 3726 952 3790 iure
978 3733 1152 3792 consueta.
1199 3726 1250 3791 Ac
1276 3729 1383 3793 eciam

276 3831 436 3895 volumus
464 3837 498 3895 61
527 3831 725 3895 ordinamus
752 3830 846 3914 quod
874 3830 987 3894 dictus
1014 3830 1132 3913 Joh'es
1160 3831 1202 3895 de
1230 3832 1383 3919 Cabergh

277 3935 480 4019 (apellanus
502 3941 536 3998 et
558 3955 767 3999 successores
786 3935 837 3998 sui
855 3934 1028 4018 Capellani
1051 3935 1085 3998 in
1107 3935 1201 4000 dicta
1222 3936 1385 4002 Cantaria

276 4040 623 4124 quandocumqueet
644 4039 955 4124 quocienscumque
978 4040 1153 4103 vacauerit
1176 4039 1382 4109 admittend.

276 4145 365 4209 infra
390 4144 621 4228 quadraginta
646 4143 717 4207 dies
743 4165 764 4207 a
788 4149 943 4226 tempore
968 4149 1049 4207 note
1074 4145 1267 4209 vacacionis
1293 4146 1383 4211 dicte

276 4248 436 4313 Cantarie
458 4268 518 4332 per
540 4248 677 4330 Joh’em
700 4248 741 4312 de
766 4247 909 4332 lngelby
931 4247 1097 4331 quamdiu
1120 4248 1245 4313 vixerit
1267 4257 1301 4315 61
1324 4272 1384 4335 per
1405 4262 1513 4391 Ilgolqp
1527 4263 1589 4379 ded

1420 4344 1428 4376 1
1457 4344 1471 4376 6
1503 4345 1570 4392 yan

1414 4395 1456 4443 his
1470 4396 1541 4444 heirs
1555 4401 1585 4446 to

276 4354 382 4437 ipsius
411 4352 550 4416 heredes
580 4352 622 4416 de
651 4373 791 4436 corpore
819 4372 882 4416 suo
911 4351 1060 4436 legitime
1089 4355 1275 4436 procreatis
1304 4363 1382 4438 post

276 4459 347 4523 eius
370 4463 517 4521 mortem
541 4456 700 4540 Capitulo
723 4456 802 4520 6661.
827 4455 909 4520 Coll.
936 4455 1060 4538 Ripon’
1085 4461 1325 4539 presententur
1348 4466 1382 4523 et
1414 4463 1448 4511 be
1459 4467 1583 4526 patrous.

276 4584 336 4647 per
369 4562 500 4627 dictum
534 4561 732 4645 Capitulum
765 4561 800 4624 in
834 4560 954 4625 eadem
987 4560 1149 4624 Caniaria
1181 4561 1252 4625 sine
1286 4583 1382 4627 mora

276 4667 438 4732 canonice
476 4666 704 4730 instituantur
741 4672 775 4730 61
814 4665 849 4730 10
887 4665 1097 4749 corporalem
1135 4668 1381 4749 possessionem

276 4771 428 4836 eiusdem
445 4770 627 4835 actualiter
642 4770 860 4835 inducantur.
909 4770 955 4833 Et
971 4769 999 4833 si
1015 4769 1190 4854 predictus
1206 4771 1382 4854 Johannes
1420 4804 1525 4850 vacant
1537 4816 1573 4864 40

1445 4731 1470 4778 ll
1483 4732 1551 4796 kept
