3392 5650
337 694 399 739 110
619 676 697 740 Tne
723 676 878 740 Incrrnr
903 676 1149 742 Minucium.

334 876 525 939 pauperum
549 856 604 920 die
627 855 801 939 sepulture
825 876 910 931 mee,
936 856 997 920 xls.
1046 857 1136 922 Item
1161 857 1304 922 Mariote
1328 857 1443 933 vidue,

333 961 398 1044 vjs.
430 961 526 1044 viijd.
576 961 765 1025 Residuum
795 982 877 1025 vero
907 962 1061 1026 omniurn
1091 964 1260 1026 bonorum
1289 982 1445 1028 meorum

333 1066 487 1150 superius
512 1086 581 1129 non
609 1066 811 1149 legatorum,
841 1066 885 1130 do
913 1072 947 1129 et
975 1066 1048 1151 lego
1076 1066 1169 1149 Joh'i
1192 1067 1348 1150 Frankys
1375 1066 1445 1130 filio

333 1191 419 1246 meo,
439 1190 542 1255 quem
560 1171 735 1235 constituo
753 1177 787 1234 et
806 1171 927 1235 ordino
945 1176 1163 1234 executorem
1181 1191 1296 1235 meum
1314 1177 1354 1235 vt
1372 1174 1444 1256 ipse

332 1275 491 1360 disponet
516 1275 585 1358 (sic)
610 1281 644 1338 et
666 1275 800 1339 ordinet
822 1276 908 1339 bene
924 1281 958 1339 et
975 1275 1121 1339 fideliter
1135 1296 1197 1359 pro
1218 1276 1334 1340 anima
1354 1296 1442 1353 mea,

333 1401 395 1445 suo
416 1380 520 1444 modo
541 1380 682 1455 meliori,
706 1400 784 1443 cum
807 1380 947 1444 consilio
969 1385 1003 1443 et
1026 1380 1152 1444 auxilio
1174 1380 1245 1444 d'ni
1268 1380 1378 1463 Joh'is
1399 1380 1442 1444 de

334 1484 533 1569 Bondegate
560 1485 648 1548 sicut
676 1505 791 1548 eoram
821 1485 895 1547 Deo
922 1485 1070 1549 voluerit
1097 1485 1310 1569 respondere.
1359 1486 1439 1550 Dat.

332 1590 425 1674 apud
444 1590 570 1674 Rypon
588 1596 627 1653 vt
646 1610 759 1673 supra,
779 1589 880 1653 Anno
898 1595 937 1653 vt
955 1610 1069 1673 supra,
1089 1590 1167 1674 Hijs
1184 1590 1341 1665 testibus,
1360 1590 1442 1655 d'no

332 1695 432 1778 Joh'e
459 1694 501 1758 de
529 1694 739 1779 Bondegate,
767 1694 848 1758 d'no
875 1693 975 1776 Joh'e
1001 1694 1044 1758 de
1071 1695 1332 1777 Rychemound‚
1359 1695 1442 1760 d'no

333 1800 462 1863 Rob'to
479 1799 521 1863 de
541 1799 706 1873 Kendale,
726 1798 921 1883 capellano,
940 1805 974 1862 et
992 1799 1111 1863 multis
1128 1800 1211 1864 aliis.
1261 1800 1349 1864 Item
1367 1800 1441 1885 lego

332 1904 413 1969 d'no
449 1904 577 1968 Rob’to
612 1904 654 1968 de
691 1902 856 1977 Kendale,
892 1903 1079 1987 capellano
1115 1925 1177 1988 pro
1211 1904 1441 1969 celebracione

332 2010 513 2074 missarum
528 2009 561 2073 in
576 2009 654 2073 eccl.
670 2008 717 2072 b'i
731 2007 879 2072 Wilfridi
894 2008 1030 2092 Rypon'
1046 2029 1106 2093 per
1119 2009 1140 2092 ij
1158 2030 1266 2073 annos
1279 2010 1439 2095 integros,

332 2114 390 2197 viij
412 2115 445 2179 li.

335 2259 422 2341 (174)
462 2257 738 2321 Trsmuenron
774 2255 964 2320 Wrrrrrur
1002 2257 1159 2321 Aurum
1196 2275 1244 2321 uu
1281 2257 1440 2323 Correo-

378 2380 524 2427 HEWYK.

122 2520 196 2567 1300,
213 2505 277 2553 nec.
294 2519 317 2564 7.
422 2494 462 2556 In
496 2491 560 2555 Dei
592 2491 740 2566 nomine,
775 2492 895 2556 Amen.
944 2492 1007 2555 Die
1040 2492 1195 2556 Mercurii
1228 2513 1323 2577 prox.
1359 2499 1440 2558 ante

333 2597 460 2661 festum
487 2596 559 2661 S'ce
586 2596 688 2660 Lucie
714 2596 872 2680 Virginis
900 2597 1000 2660 Anno
1027 2597 1106 2661 D’ni
1136 2597 1312 2662 Millesimo
1343 2612 1442 2662 cccmo

331 2702 562 2787 nonogesimo,
598 2702 672 2786 Ego
704 2700 893 2766 Willelmus
926 2701 1070 2785 Amfray
1103 2701 1144 2766 de
1177 2701 1440 2788 Coppedhewyk

331 2807 441 2872 condo
461 2812 709 2872 testamentum
733 2827 847 2871 meum
872 2806 906 2871 in
931 2807 1022 2872 hunc
1045 2807 1197 2872 modum.
1246 2808 1286 2872 In
1310 2808 1439 2893 primis,

331 2913 405 2998 lego
424 2913 575 2977 animem
593 2932 707 2977 meam
726 2912 809 2986 Deo,
829 2913 929 2976 beate
948 2912 1063 2988 Mario,
1083 2918 1117 2976 et
1135 2913 1294 2978 omnibus
1312 2915 1440 2979 sanctis
1501 2950 1504 2954 ⁴

331 3019 413 3092 eius,
432 3023 466 3081 et
484 3037 607 3101 corpus
625 3037 740 3081 meum
758 3016 802 3081 ad
820 3017 1052 3101 sepeliendum
1070 3017 1104 3081 in
1122 3018 1308 3101 cymeterio
1326 3019 1438 3083 eccl'ie

331 3123 424 3187 beati
447 3121 594 3187 Willridi
620 3121 768 3205 Rypon’.
817 3122 907 3185 Item
930 3122 1004 3207 lego
1028 3121 1148 3186 melius
1172 3122 1299 3187 animal
1322 3144 1437 3188 meum

331 3249 393 3312 pro
415 3226 603 3291 mortuario
625 3246 711 3290 meo.
761 3226 851 3290 Item
873 3227 947 3311 lego
969 3226 1013 3290 ad
1035 3227 1335 3311 subportacionem
1358 3229 1437 3294 eccl.

331 3333 378 3395 b’i
410 3331 557 3396 Wilfridi
590 3330 752 3415 predicte,
786 3330 839 3414 ijs.
888 3332 978 3395 item
1010 3331 1091 3396 d'no
1124 3332 1217 3415 Joh'i
1249 3333 1292 3397 de
1325 3333 1440 3418 Clynt

331 3437 459 3501 vicario
480 3456 567 3511 meo,
589 3435 641 3519 ijs.
691 3436 780 3499 Item
801 3435 876 3520 lego
897 3436 932 3500 in
953 3436 1079 3521 vigilijs
1100 3437 1194 3512 meis,
1217 3437 1301 3521 vijd.
1351 3438 1441 3502 Item

331 3541 405 3625 lego
426 3541 578 3624 quinque
599 3540 643 3604 lb.
667 3559 740 3603 cere
762 3539 806 3604 ed
827 3541 1048 3605 comburend.
1071 3540 1160 3605 eirca
1180 3562 1304 3626 corpus
1325 3563 1440 3607 meum

331 3646 385 3710 die
421 3644 594 3728 sepulture
629 3663 712 3708 mee.
761 3645 851 3708 Item
886 3645 960 3730 lego
996 3666 1057 3730 pro
1092 3667 1180 3729 pane
1215 3647 1360 3711 emendo
1396 3647 1440 3712 ad

332 3748 557 3814 distribuend.
591 3748 799 3832 pauperibus
831 3749 886 3813 die
918 3749 1099 3834 sepulture·
1124 3771 1208 3827 mee,
1242 3751 1307 3835 vjs.
1341 3751 1438 3835 viijd.

335 3856 424 3919 Item
447 3854 522 3938 lego
545 3852 710 3916 ministris
734 3853 812 3918 eccl.
839 3853 989 3938 Rypon’‚
1015 3875 1076 3939 pro
1100 3855 1242 3920 servicio
1267 3856 1301 3920 in
1325 3857 1439 3932 choro,

335 3959 386 4043 ijs
402 3958 474 4042 vjd
522 3958 612 4023 Item
625 3957 699 4041 lego
713 3956 757 4020 ad
770 3959 1056 4023 conuocacionem
1069 3959 1260 4024 vicinorum
1273 3981 1438 4036 meorum,

171 4069 196 4126 (r
198 4067 215 4114 l
231 4066 273 4113 ror
335 4085 409 4128 xus,
457 4063 547 4126 Item
586 4062 660 4146 lego
700 4083 762 4145 pro
801 4063 971 4147 scriptura
1010 4065 1209 4129 testamenti
1249 4065 1326 4141 mei,
1367 4065 1439 4149 vjd.

134 4134 308 4249 thing'p
337 4169 526 4232 Residuum
550 4187 631 4231 vero
656 4168 825 4232 bonorum
850 4188 1004 4233 meorum
1029 4189 1097 4233 non
1122 4169 1312 4254 legatorum
1337 4170 1382 4234 do
1406 4175 1441 4234 et

336 4274 410 4358 lego
441 4293 503 4357 pro
534 4271 681 4336 diuinis
713 4272 943 4338 celebratur’.2
989 4274 1078 4337 Item
1109 4274 1188 4338 volo
1211 4280 1246 4338 et
1268 4275 1442 4340 constituo

337 4378 473 4461 Joh'em
510 4376 681 4460 Gybsone,
719 4376 846 4459 Johan
883 4377 925 4441 de
962 4378 1210 4462 Hudesay,et
1196 4380 1359 4444 tRicm
1395 4379 1440 4445 fil.

336 4482 425 4547 Will'
429 4483 475 4546 mi
490 4488 687 4546 executores
702 4501 795 4544 meos
809 4502 871 4565 pro
885 4482 929 4546 ist
932 4504 952 4546 a
915 4482 1027 4546 vl
1003 4489 1089 4547 tima
1102 4484 1263 4549 voluntat
1210 4490 1283 4548 tte
1298 4484 1405 4548 fidelit
1391 4490 1443 4549 ter

337 4586 581 4694 perimplenda

409 4714 491 4762 wls.
506 4729 593 4761 eems
607 4719 638 4762 to
650 4714 751 4762 have'
762 4713 901 4762 diuinusl’

408 4794 693 4858 ²Soapparentlyin
665 4794 773 4848 mllIS.¹
788 4794 851 4841 ior
857 4795 981 4842 'acelebr
982 4796 1072 4843 ndis.''
