3392 5650
316 718 378 784 154
599 704 679 767 Tne
705 703 1129 768 1111111111Μ111111361111>1Ι

314 880 496 967 Georgium
523 883 577 946 vel
604 889 860 967 procuratorem
887 904 987 947 suum
1014 883 1086 947 eius
1112 882 1249 947 nomine
1276 882 1420 946 vlterius

230 967 237 981 ’
314 987 448 1051 faciatis
474 993 508 1051 et
535 988 751 1072 exequamini
778 988 812 1052 in
839 989 904 1052 hac
930 993 1028 1071 parte
1054 986 1148 1071 quod
1174 992 1226 1050 est
1252 991 1417 1049 vestrum.

314 1091 394 1155 Dat.
421 1092 523 1156 Ebor.
549 1093 710 1157 vicesimo
733 1093 856 1177 quinto
880 1092 934 1157 die
958 1092 1082 1156 mensis
1106 1091 1292 1156 Nouembr.
1317 1090 1419 1154 Anno

313 1195 394 1260 D’ni
413 1196 590 1261 Millesimo
608 1210 725 1262 6666Πιο
743 1203 851 1262 sext0.

402 1313 501 1378 Istud
530 1314 735 1379 mandatum
766 1314 832 1379 luit
862 1319 1099 1398 presentatum
1129 1312 1289 1397 Capitulo
1320 1313 1420 1377 1111111ο

313 1418 367 1482 1116
391 1418 577 1483 Nouembr.
603 1425 637 1483 et
661 1420 771 1503 primo
795 1419 849 1483 die
873 1418 1050 1482 Decembr.
1077 1417 1143 1482 ruit
1167 1417 1335 1482 admissus
1359 1438 1421 1502 per

314 1529 579 1606 procuratorem,
622 1543 724 1607 super
764 1543 833 1607 qua
876 1523 1080 1587 admissione
1122 1523 1245 1587 habuit
1286 1522 1419 1587 litteras

314 1627 463 1711 Capituli
482 1629 517 1692 in
536 1629 656 1693 forma.

316 1783 403 1865 (226)
429 1784 607 1846 Auuissm
632 1783 764 1846 Mao'm
788 1782 921 1845 Tuonn
945 1782 1090 1846 Pontou
1114 1798 1163 1845 an
1187 1782 1418 1846 Panaenum

359 1905 407 1951 nn
431 1889 634 1953 Srounnnr.

147 2021 255 2077 14086.
401 2017 579 2093 HenricuS,
627 2017 846 2100 permissione
892 2016 1010 2080 diuina
1056 2017 1158 2081 Ebor.
1206 2016 1417 2100 Archiep'us‚

108 2084 297 2227 xbfflgv'et·
313 2121 433 2207 Anglie
446 2122 584 2205 primas,
600 2128 634 2185 et
649 2142 703 2205 ap.
719 2120 788 2185 sed.
805 2121 948 2206 legatus,
964 2120 1020 2185 dil.
1037 2122 1071 2184 in
1087 2141 1155 2204 xpo
1169 2121 1245 2184 filiis
1259 2121 1419 2205 Capitulo

313 2225 391 2290 6661.
411 2226 482 2290 n’re
500 2225 622 2310 Colleg.
643 2226 696 2300 R„
715 2247 762 2289 sa.
782 2245 852 2310 gra.
872 2231 906 2289 et
924 2226 999 2290 ben.
1057 2225 1145 2309 Quia
1162 2246 1224 2289 nos
1241 2224 1366 2290 dilecto
1383 2227 1419 2296 in

313 2351 382 2414 xpo
398 2329 467 2393 filio
484 2329 613 2414 Mag’ro
632 2330 762 2392 Thome
782 2328 907 2393 Polton
926 2329 961 2392 in
977 2335 1124 2413 vtroque
1141 2328 1212 2393 iure
1230 2329 1419 2395 Bacallario

312 2434 561 2499 Canonicatum
581 2434 659 2498 6661.
681 2434 752 2497 n’re
772 2433 846 2497 coll.
868 2432 961 2517 pred.
980 2438 1015 2495 et
1032 2432 1129 2497 Preb.
1148 2431 1190 2495 de
1207 2432 1368 2516 Stodeley
1384 2434 1419 2498 in

312 2540 431 2603 eadem
453 2559 513 2623 per
535 2539 654 2623 resign.
675 2538 794 2623 Mag’ri
816 2537 946 2601 Thome
971 2535 1169 2611 Grenewod,
1190 2537 1420 2619 procuratoris

311 2644 486 2708 reuerendi
510 2643 573 2707 viri
598 2643 717 2726 Mag’ri
741 2641 907 2726 Stephani
931 2641 960 2704 le
983 2641 1098 2724 Scrop,
1116 2639 1228 2704 vltimi
1247 2640 1418 2706 dictorum

311 2747 540 2811 Canonicatus
577 2752 612 2810 et
650 2746 820 2830 prebende
858 2745 1019 2810 Canonici
1057 2750 1091 2807 et
1128 2745 1342 2830 prebendarij
1383 2752 1418 2810 et

311 2854 460 2938 legitime
473 2852 654 2917 constituti
667 2853 701 2916 in
715 2852 874 2916 manibus
887 2851 968 2914 n'ris
981 2871 1023 2913 ex
1036 2871 1139 2914 causa
1151 2851 1418 2933 permutacionis

312 2957 465 3021 faciende
499 2956 541 3020 de
576 2955 703 3020 eisdem
737 2976 816 3019 cum
851 2955 1063 3019 Canonicatu
1099 2960 1133 3018 et
1168 2955 1344 3038 prebenda
1378 2955 1421 3020 de

313 3061 441 3125 Bichell
468 3061 502 3124 in
531 3059 775 3145 Knaresburgh
802 3060 837 3122 in
860 3059 939 3124 6661.
966 3058 1041 3123 n’ra
1066 3058 1164 3122 Cath.
1190 3059 1306 3134 Ebot„
1334 3080 1422 3144 quos

312 3165 402 3229 idem
436 3164 543 3248 Mag’r
575 3165 724 3228 Thomas
752 3164 912 3246 primitus
943 3162 1106 3247 optinuit,
1139 3163 1174 3226 in
1205 3163 1325 3227 eadem
1358 3164 1423 3228 rite

312 3271 441 3334 factam
484 3274 519 3332 et
562 3289 622 3352 per
664 3289 727 3332 nos
770 3268 959 3332 autoritate
1003 3267 1192 3351 apostolica
1236 3268 1423 3333 admissam

312 3380 486 3448 vacantes
510 3378 544 3436 et
567 3373 611 3436 ad
633 3372 743 3435 n’ram
766 3372 987 3436 collacionem
1009 3377 1205 3455 spectantes
1227 3372 1328 3456 pleno
1350 3373 1422 3438 iure

312 3478 347 3541 in
381 3497 562 3561 personam
598 3477 717 3561 Mag'n'
752 3476 863 3558 Joh'is
897 3477 1069 3541 Wodham
1104 3477 1335 3560 procuratoris
1369 3478 1422 3542 sui

312 3582 518 3646 sufficienter
547 3588 581 3644 et
611 3580 760 3665 legitime
790 3579 825 3643 in
856 3581 920 3644 hac
949 3587 1048 3664 parte
1078 3581 1270 3656 constituti,
1302 3581 1422 3646 eadem

313 3687 520 3751 auctoritate
544 3685 752 3749 contulimus
775 3685 905 3749 intuitu
928 3685 1094 3760 caritatis,
1119 3691 1154 3749 et
1177 3685 1290 3768 ipsum
1313 3685 1421 3750 Cano-

313 3791 427 3855 nicum
446 3789 708 3874 prebendatum,
729 3789 762 3852 in
782 3789 861 3853 6661.
882 3789 957 3853 n’ra
976 3788 1098 3873 Colleg.
1120 3789 1275 3872 predicta
1293 3789 1328 3854 in
1346 3810 1420 3873 per-

312 3916 432 3959 sonam
466 3894 518 3958 sui
553 3894 782 3977 procuratoris
817 3894 911 3968 dicti,
947 3900 981 3957 et
1017 3894 1129 3976 ipsum
1163 3899 1420 3976 procuratorem

312 4020 412 4063 suum
435 3998 470 4061 in
493 4018 674 4081 personam
697 3997 749 4061 sui
772 3997 985 4062 instituimus
1009 4005 1043 4061 et
1067 3998 1308 4062 inuestiuimus
1330 3999 1421 4063 dicte

312 4102 578 4188 permutacionis
616 4109 763 4185 optentu
799 4103 961 4166 canonice
999 4103 1034 4166 in
1071 4103 1199 4166 eisdem
1236 4123 1315 4167 cum
1352 4105 1421 4168 suis

312 4209 442 4273 iuribus
466 4213 500 4271 et
525 4207 647 4290 pertin.
673 4207 849 4271 vniuersis
897 4208 1003 4271 Vobis
1027 4208 1234 4271 mandamus
1257 4209 1422 4291 quatinus

313 4314 401 4378 circa
441 4312 614 4396 prefatum
654 4311 822 4395 Mag’rum
861 4312 1029 4375 Thomam
1069 4311 1125 4374 vel
1164 4317 1421 4395 procuratorem

312 4439 413 4483 suum
429 4417 501 4481 eius
519 4416 656 4480 nomine
675 4416 809 4480 faciatis
833 4416 985 4489 vlterius,
1006 4421 1040 4479 et
1066 4416 1284 4500 exequamini
1303 4417 1337 4481 in
1357 4419 1421 4483 hac

312 4527 410 4606 parte
433 4520 527 4604 quod
547 4525 598 4582 est
624 4526 787 4583 vestrum.
836 4521 917 4584 Dat.
938 4521 973 4584 in
995 4527 1109 4585 castro
1128 4521 1202 4585 n’ro
1222 4521 1264 4584 de
1284 4521 1419 4599 Cawod,

311 4625 492 4690 vndecimo
520 4624 574 4688 die
602 4644 707 4688 mens,
737 4624 879 4706 Januar.
909 4626 1010 4692 Anno
1037 4627 1109 4692 d’ni
1137 4626 1279 4691 Mill'mo
1303 4641 1421 4692 6666Ῑῃο

312 4736 437 4796 octauo
452 4734 487 4793 et
503 4729 574 4792 n’re
593 4728 842 4793 Translacionis
861 4752 951 4795 anno
970 4732 1129 4797 secundo.

400 4846 500 4912 Istud
517 4845 723 4910 mandatum
741 4846 807 4911 ruit
825 4854 1063 4932 presentatum
1081 4847 1250 4934 Capitulo
