3392 5650
606 707 703 770 Acrs
727 725 774 770 or
798 706 987 771 Cnarrun.
1314 723 1349 786 15

334 883 417 954 Nos,
446 931 453 945 .
482 931 489 944 .
518 881 687 945 Officialis
716 882 819 945 Curie
853 882 953 945 Ebor.
982 894 1015 944 et
1039 882 1149 963 ipsius
1174 930 1181 943 .
1210 929 1217 943 .
1246 881 1349 946 Com·
1396 877 1527 989 Tleefeql

247 982 426 1047 missarius
465 982 639 1065 generalis
679 982 711 1043 in
750 982 813 1045 hac
846 993 940 1063 parte
973 994 1009 1043 ut
1041 981 1248 1063 premittitur
1287 1028 1293 1043 .
1337 953 1541 1055 -giiieeia‘izing

245 1082 484 1148 Commissarii
510 1082 689 1164 speciales,
719 1082 849 1144 rimatis
877 1081 920 1144 ad
951 1083 1091 1163 plenum
1121 1093 1153 1144 et
1181 1080 1349 1144 discussis
1363 1072 1548 1185 §azimitae

247 1182 356 1264 ipsius
390 1181 525 1265 negocii
560 1181 700 1249 meritis,
739 1193 771 1243 et
809 1202 887 1244 curn
928 1180 1116 1263 diligencia
1157 1180 1345 1254 recensitis
1364 1176 1544 1265 ilren'bislrop,

248 1281 465 1345 inuenientes
495 1302 554 1363 per
586 1301 785 1363 processum
820 1281 853 1342 in
888 1280 964 1362 ipso
998 1280 1145 1363 negocio
1178 1280 1346 1352 habitum,
1369 1269 1544 1330 ¹33⁸·J¹¹¹-⁸'4·

248 1381 431 1464 porciones
458 1380 627 1443 dictorum
658 1380 865 1443 vicariorum
891 1379 1123 1443 vniuersalem
1149 1379 1349 1461 gerencium

246 1502 363 1543 curam
392 1480 587 1543 animarum
620 1479 910 1562 parochianorum
941 1478 1246 1561 prebendariorum
1279 1499 1353 1561 pre-

247 1580 429 1653 dictorum,
449 1594 482 1643 et
500 1580 649 1663 predicte
665 1579 808 1642 ecclesie
830 1579 1057 1661 personaliter
1075 1578 1350 1641 deseruiencium

248 1680 281 1742 in
309 1679 439 1743 diuinis
468 1697 533 1761 pro
566 1680 719 1761 ipsorum
750 1679 957 1741 vicariorum
987 1680 1243 1741 sustentacione
1271 1699 1353 1742 con-

247 1800 347 1862 grua,
374 1800 414 1842 ac
438 1779 707 1861 supportacione
731 1799 875 1841 onerum
902 1778 1180 1841 incumbencium
1206 1778 1348 1853 eisdem,
1367 1761 1536 1874 Uffifi’ffie

247 1877 426 1942 euidenter
449 1877 520 1941 fore
547 1879 650 1940 nimis
675 1878 781 1941 exiles
805 1890 838 1940 et
864 1876 1122 1951 insufficientes,
1149 1899 1350 1959 quanquam
1367 1893 1516 1967 yle-arsam

247 1977 378 2042 fructus
395 1992 426 2041 et
448 1992 637 2060 proventus
664 1977 915 2059 prebendarum
944 1977 1096 2059 ipsarum
1125 1998 1192 2040 non
1220 1977 1353 2040 modice
1367 1957 1536 2070 {ffflffim

248 2078 485 2141 estimacionis
517 2078 677 2146 existant.
712 2089 745 2139 et
777 2076 980 2139 habundent
1013 2076 1095 2139 inibi
1129 2077 1280 2158 copiose,
1314 2086 1567 2151 acprofirsosrhe

248 2178 364 2241 debita
380 2177 665 2240 consideracione
683 2189 870 2259 pensantes
890 2176 983 2258 quod
1009 2176 1125 2239 vicarii
1152 2176 1351 2240 huiusmodi
1367 2153 1567 2265 ξζῗιζῇᾙζῗῑω

248 2276 429 2341 actualiter
461 2277 740 2340 ministrantibus
778 2296 955 2359 congruas
995 2276 1176 2358 porciones
1207 2276 1249 2339 de
1281 2276 1353 2339 iure

248 2376 413 2440 conuenit
442 2376 635 2459 assignare,
667 2397 745 2439 cum
776 2376 973 2439 laborantes
1000 2376 1174 2458 agricolas
1203 2376 1352 2458 primum

249 2488 407 2559 oporteat
423 2476 465 2539 dc
489 2474 657 2539 fructibus
681 2475 867 2557 suscipere,
885 2488 923 2560 ¹vt
948 2475 1006 2557 qui
1031 2475 1128 2538 altari
1154 2475 1355 2539 deseruiunt

247 2576 355 2640 eciam
375 2576 417 2638 de
433 2576 531 2637 altari
552 2576 682 2649 uiuant,
703 2575 810 2656 etqui
834 2575 868 2636 in
890 2574 1040 2638 sacrario
1064 2589 1252 2657 operantur
1275 2596 1352 2639 cum

248 2674 398 2738 Sacrario
424 2674 629 2756 participent
653 2674 838 2750 moderate,
868 2674 1034 2737 lnuocata
1058 2674 1210 2756 Spiritus
1235 2674 1353 2737 Sancti

249 2774 368 2858 gracia
383 2774 426 2838 ad
452 2774 588 2838 laudem
611 2788 643 2837 et
668 2774 835 2838 bonorem
864 2773 941 2850 Dei,
962 2774 1124 2856 equitatis
1148 2773 1351 2850 fomentum,

249 2888 282 2939 et
313 2888 487 2956 speratum
529 2874 654 2937 exinde
691 2873 880 2956 profectum
913 2874 1121 2949 animarum,
1155 2874 1351 2951 statuimus,
1404 2907 1525 2969 beaug-

250 2975 535 3057 pronunciamus,
561 2987 594 3036 et
621 2973 824 3047 diffinimus
855 2973 948 3054 quod
975 2973 1106 3055 singuli
1133 2974 1250 3036 vicarii
1282 2974 1540 3063 ρῐθ-ῐξῖθηῐξῑθξθηῡ

249 3074 329 3138 dicti
373 3095 414 3137 ac
456 3094 675 3137 successores
721 3072 910 3136 eorundem
959 3073 1225 3155 imperpetuum,
1267 3075 1355 3136 vltra
1369 3054 1529 3167 {issaffi'ffif

251 3173 450 3256 porcionem
503 3173 536 3234 in
585 3172 870 3236 ordinacionibus
917 3171 1095 3255 prelibatis
1140 3192 1351 3255 expressam,
1369 3168 1499 3280 reamabis
1517 3169 1566 3244 ⁸9¹:

250 3273 412 3356 singulos
448 3272 682 3354 quadraginta
717 3271 849 3334 solidos
882 3285 1016 3354 argent.
1051 3272 1093 3335 de
1124 3270 1291 3336 fructibus
1323 3286 1355 3336 et
1368 3249 1567 3346 3¹,⁰2,·00⁰m¹¹¹¹

251 3372 479 3455 prouentibus
526 3372 796 3446 Canonicorum,
843 3371 1162 3453 prebendariorum,
1203 3386 1236 3435 et
1281 3393 1355 3455 pre·
1369 3363 1493 3428 xxxviijo.

251 3473 441 3536 bendarum
460 3472 590 3554 quibus
613 3472 825 3547 deseruiunt,
847 3492 909 3553 pro
933 3485 1124 3554 augmento
1150 3472 1352 3554 porcionum

250 3593 391 3634 suarum
412 3572 654 3653 predictarum,
677 3571 869 3654 percipiant
885 3583 917 3634 et
935 3571 1085 3634 babeant
1105 3573 1285 3635 annuatim
1310 3573 1354 3636 ad

250 3684 399 3753 quatuor
415 3671 497 3733 anni
516 3671 683 3734 terminos
705 3671 737 3732 in
761 3671 852 3734 dicta
876 3670 1099 3734 ordinacione
1123 3671 1193 3734 d'ni
1218 3672 1249 3734 T
1252 3672 1355 3736 bome

253 3771 357 3833 Ebor.
375 3770 551 3852 Archiep'i
571 3771 750 3834 memorati
767 3769 982 3853 designatos
1000 3791 1060 3852 per
1073 3784 1186 3853 partes
1198 3773 1351 3853 equales

249 3872 316 3933 sub
356 3870 587 3952 processibus
627 3870 736 3952 penis
776 3884 807 3932 et
846 3869 1112 3934 cohercionibus
1147 3871 1283 3934 statutis
1320 3871 1352 3933 in

249 3970 381 4043 eadem,
422 3991 462 4033 ac
502 3969 701 4051 porcionem
745 3970 929 4032 cuiuslibet
976 3969 1092 4033 vicarii
1139 3970 1278 4052 predicti
1320 3971 1352 4033 in

250 4069 450 4133 huiusmodi
491 4069 724 4152 quadraginta
763 4068 886 4132 solidis
920 4069 1048 4132 annuis
1080 4083 1116 4132 vt
1148 4070 1356 4152 premittitur

250 4168 491 4251 percipiendis
525 4189 584 4250 per
611 4168 797 4245 decretum,
828 4169 1031 4231 auctoritate
1062 4190 1132 4250 qua
1159 4168 1350 4251 fungimur,

248 4281 530 4351 augmentamus.
603 4268 822 4332 Curialitates
868 4290 956 4350 quas
1003 4270 1091 4331 vltra
1140 4270 1351 4352 stipendium
1401 4280 1540 4357 Offerings

249 4389 350 4431 suum
377 4383 506 4431 certum
532 4368 582 4431 eis
607 4370 657 4431 vel
685 4389 801 4431 earum
828 4369 930 4432 alicui
957 4368 1013 4451 pia
1036 4367 1189 4432 fidelium
1207 4346 1544 4459 deuociofifstESJaQP

249 4469 443 4544 contulerit,
487 4468 572 4550 ipsis
618 4483 650 4531 et
688 4489 807 4531 eorum
848 4469 990 4532 cuilibet
1029 4469 1278 4533 nichilominus
1318 4471 1506 4532 inservedto

251 4580 426 4650 posterum
472 4582 698 4642 reseruanteS,
743 4569 923 4649 dictosque
970 4567 1167 4633 Canonicos
1207 4583 1239 4633 et
1280 4543 1448 4652 pre-‘'¹⁰¹¹‘'

248 4667 433 4730 bendarios
448 4667 480 4729 in
497 4668 655 4749 personis
669 4682 931 4750 procuratorum
946 4689 1089 4731 suorum
1107 4668 1349 4750 predictorum,

248 4779 281 4829 et
297 4767 436 4830 eosdem
456 4783 694 4850 procuratores
713 4767 1189 4850 predictorum‘dominorum
1208 4790 1350 4834 suorum
