3392 5650
643 725 737 791 Acis
761 743 806 790 os
830 726 1009 793 Chaerea.
1318 738 1380 811 241·

244 903 363 985 ·(344)
417 904 647 969 Aocronrras
698 922 968 987 sonuumzaum
1021 908 1291 971 Mammomuu
1343 924 1381 971 m

317 1023 478 1071 caparra
502 1026 688 1073 enosuuce
714 1010 856 1075 R1eou’.

360 1161 558 1245 Capitulum
575 1163 624 1238 (as
637 1162 675 1226 in
690 1163 725 1225 N
726 1184 753 1228 0.
770 1164 845 1245 343)
864 1163 993 1227 Rob'to
1008 1163 1200 1248 Brompton
1214 1170 1381 1248 perpetuo
1429 1160 1532 1273 M¹4⁶⁸0

272 1266 400 1330 vicario
421 1267 592 1350 prebende
612 1267 655 1331 de
676 1268 844 1332 Monkton
865 1268 900 1332 in
921 1268 1051 1344 eadem,
1073 1267 1230 1333 salutem.
1278 1269 1325 1333 Vt
1346 1268 1380 1332 in
1459 1240 1496 1288 ay
1512 1239 1551 1275 η’

273 1369 410 1454 Capella
424 1370 495 1434 b'te
509 1371 608 1435 Anne
623 1372 743 1435 Matris
756 1371 900 1456 gloriose
913 1372 1093 1456 genetricis
1107 1373 1171 1436 Dei
1185 1379 1219 1436 et
1233 1372 1381 1457 Virginis

273 1474 378 1538 Marie
391 1475 425 1539 in
438 1490 623 1558 proseuca¹
638 1475 762 1559 Ripon’
777 1482 973 1540 nostrorum
986 1476 1146 1560 territorij
1162 1482 1197 1541 et
1210 1477 1379 1561 parochie,
1413 1505 1452 1553 St.
1468 1504 1572 1554 Anne’s

273 1579 531 1643 matrimonium
557 1580 646 1644 inter
670 1579 798 1644 Will'm
825 1581 982 1644 Banestr’
1009 1581 1255 1665 parochianum
1281 1587 1381 1645 tuum
1410 1571 1580 1623 Balehouse.

272 1704 314 1746 ex
340 1704 409 1747 vna
434 1688 533 1767 parte
558 1689 592 1747 et
618 1683 763 1747 Aliciam
788 1684 936 1769 Wryght
962 1685 1114 1749 eiusdem
1139 1685 1298 1769 parochie
1323 1692 1382 1749 tue

273 1807 314 1850 ex
335 1786 443 1851 altera
462 1792 571 1871 parte,
593 1808 672 1851 cum
692 1808 753 1871 per
771 1788 909 1852 eosdem
930 1789 1033 1852 fueris
1052 1789 1167 1853 debite
1187 1790 1381 1873 requisitus,
1486 1786 1488 1792 ’

272 1891 364 1955 licite
394 1891 510 1955 valeas
540 1891 710 1956 celebrare
737 1898 772 1955 et
800 1893 835 1957 in
863 1893 983 1957 eadem
1014 1893 1232 1968 solennizare,
1266 1899 1383 1958 tenore

273 2015 485 2079 presencium
505 1995 749 2060 anctoritatem
768 2002 803 2060 et
822 1996 1000 2061 licenciam
1019 1997 1237 2062 concedimus
1255 1998 1383 2081 specia-

272 2100 349 2174 lem,
374 2099 401 2163 si
424 2099 564 2184 aliquod
586 2099 798 2164 Canonicum
821 2100 1108 2184 impedimentum
1130 2122 1199 2166 non
1223 2102 1380 2166 obsistat.

273 2204 367 2287 Jure,
382 2203 627 2280 iurisdiccione,
641 2204 813 2280 libertate,
827 2203 1015 2290 priuilegio
1030 2212 1065 2269 et
1078 2205 1384 2271 consuetudinibus

273 2308 398 2372 nostris
424 2315 459 2372 et
485 2309 638 2373 matricis
664 2309 803 2373 ecclesie
830 2309 956 2393 Ripon’
984 2309 1136 2394 predicte
1163 2310 1197 2375 in
1224 2310 1384 2375 omnibus

272 2433 406 2497 semper
432 2413 545 2478 saluis,
593 2413 674 2477 Dat.
704 2414 769 2477 sub
796 2413 857 2497 sig.
887 2412 1116 2498 Commissarij
1146 2415 1180 2479 n’
1184 2413 1211 2478 ri
1238 2414 1303 2498 xij⁰
1329 2414 1384 2478 die

272 2518 398 2581 mensis
424 2517 518 2601 Maij,
545 2518 647 2582 Anno
673 2517 754 2581 D'ni
780 2517 899 2582 Mill'io
924 2518 1263 2603 quadringentesimo
1288 2539 1384 2583 sexa-

272 2622 401 2705 gesimo
420 2628 558 2686 octauo.

274 2784 361 2868 (345)
395 2785 625 2850 Aucromms
656 2801 891 2850 PURIFICANDI
924 2802 1117 2851 nonenim
1148 2804 1187 2852 m
1218 2787 1383 2853 Caesam

318 2907 366 2953 oe
390 2889 604 2954 Tuouurou.

361 3044 559 3129 Capitulum
571 3044 650 3109 eccl.
664 3044 746 3110 Coll.
762 3045 886 3129 Ripon’
900 3045 994 3128 Joh’i
1008 3045 1173 3123 Kendale,
1188 3046 1382 3131 Capellan0,
1461 3062 1536 3122 1468.

273 3149 430 3214 salutem.
478 3149 525 3213 Vt
555 3149 760 3213 Katerinam
788 3169 931 3214 onrem
959 3138 1099 3214 Henrici
1126 3151 1314 3216 Walworth
1342 3152 1384 3216 de
1443 3127 1510 3190 ΝΥ
1525 3140 1548 3188 ³·

275 3254 479 3328 Rauentoit‚
497 3259 694 3318 nostrorum
711 3253 872 3338 territorij
892 3261 927 3318 et
951 3255 1121 3338 parochie,
1144 3261 1223 3340 post
1244 3262 1384 3340 partum

274 3358 378 3443 prolis
395 3358 571 3422 ecclesiam
590 3357 683 3422 adire
700 3358 885 3432 volentem,
900 3358 934 3423 in
947 3358 1121 3442 Capellam
1139 3359 1181 3424 de
1193 3360 1383 3425 Thomton’
1446 3366 1552 3431 Bishop

273 3463 363 3527 inira
393 3462 592 3547 parochiam
622 3461 794 3546 prebende
824 3461 866 3526 de
897 3462 1061 3547 Stodelay
1090 3462 1125 3527 in
1155 3464 1235 3530 eccl.
1266 3471 1384 3529 nostra
1421 3434 1576 3484 Thornton.

274 3566 398 3652 Colleg.
423 3567 578 3651 predicta
600 3567 643 3630 de
664 3587 756 3631 nouo
777 3567 945 3631 situatam
967 3568 1114 3652 recipere
1136 3568 1262 3645 valeas,
1286 3569 1385 3655 eique

259 3677 490 3754 ,sacramenta
517 3677 551 3735 et
578 3671 842 3736 sacramentalia
869 3671 1063 3736 ministrare
1092 3724 1098 3738 .
1129 3724 1136 3738 .
1167 3724 1174 3738 .
1202 3673 1384 3757 specialem

277 3777 326 3859 (as
346 3776 385 3840 in
406 3777 470 3840 No.
493 3776 569 3858 342)
594 3776 677 3859 Jure
700 3828 707 3840 .
732 3827 739 3840 .
764 3827 770 3840 .
793 3776 898 3840 saluis
922 3776 971 3859 (as
991 3776 1030 3840 in
1051 3776 1115 3842 No.
1138 3778 1227 3860 344).
1276 3778 1327 3842 De
1348 3784 1383 3841 et

273 3901 375 3964 super
404 3873 530 3964 quibus
561 3879 606 3943 ad
637 3879 914 3963 respondendum
945 3900 1061 3946 coram
1091 3880 1191 3944 nobis
1221 3887 1384 3947 nostrove

273 3983 513 4049 Commissario
548 3983 583 4047 in
618 3983 721 4048 domo
756 3989 875 4048 nostra
910 3969 1100 4067 Capitulari
1135 3984 1190 4048 die
1226 3984 1381 4069 Mercurii

272 4089 349 4173 xiij⁰
372 4089 426 4152 die
450 4087 612 4152 instantis
635 4087 761 4152 mensis
784 4087 868 4171 Julij
894 4089 1017 4153 harum
1040 4088 1125 4152 serie
1148 4088 1326 4153 literarum
1349 4096 1384 4153 te

271 4194 429 4258 citamus
477 4193 558 4257 Dat.
586 4193 651 4256 sub
676 4184 736 4276 sig.
765 4191 995 4275 Commissarij
1025 4192 1134 4256 nostri
1160 4192 1305 4277 predicti
1331 4193 1385 4277 iij0

272 4298 326 4363 die
345 4297 470 4361 mensis
489 4295 572 4380 Julij
595 4296 696 4361 Anno
715 4295 797 4360 D'ni
816 4309 867 4360 m⁰
882 4312 975 4360 cccc0
990 4296 1042 4360 lxo
1058 4295 1145 4379 viij0.

344 4481 351 4502 ¹
370 4476 429 4524 The
453 4476 598 4538 proseucha
624 4489 655 4523 or
681 4473 856 4522 Beda-house
879 4471 908 4521 of
931 4472 971 4522 St.
993 4475 1082 4529 Anne,
1102 4473 1167 4536 long
1188 4474 1276 4522 called
1298 4474 1383 4522 “The

271 4555 479 4605 Maideusdue’'
500 4555 619 4615 (Maison
642 4554 676 4602 de
699 4553 791 4613 Dieu).
835 4552 895 4600 The
916 4551 1015 4615 chapel
1038 4552 1060 4599 is
1082 4552 1138 4600 still
1161 4553 1294 4616 standing
1315 4568 1346 4602 as
1367 4569 1384 4602 a

271 4635 351 4691 ruin;
372 4635 419 4682 the
432 4634 478 4684 old
492 4633 615 4696 hospital
629 4647 685 4681 was
699 4632 826 4695 replaced
840 4631 880 4694 by
892 4644 969 4679 some
982 4631 1090 4694 staring
1108 4633 1223 4679 modern
1243 4631 1383 4694 buildings

271 4714 391 4773 in1869.
431 4714 485 4760 For
503 4728 520 4761 a
539 4712 588 4760 iull
609 4715 736 4766 account,
757 4711 836 4766 view,
860 4710 916 4758 and
938 4710 1013 4773 plan,
1037 4724 1081 4758 see
1104 4709 1260 4759 Walbran's
1283 4711 1382 4774 Ripon,

275 4795 350 4854 1875,
365 4795 407 4854 78.
423 4792 483 4853 78&
499 4791 558 4852 79*-

454 4884 493 4946 16
