3392 5650
347 657 408 723 192
632 640 709 704 Tua
735 640 891 704 lucum
915 639 1161 704 llanuscmrr.

175 819 294 895 P¹³05b0
345 820 494 884 officium
511 826 739 884 mortuorum¹
756 840 834 883 cum
851 819 1130 883 comendacione²
1146 819 1334 883 secundum
1351 838 1461 883 vsum

146 888 317 1001 anoepcmge,
345 925 507 988 ordinalis
531 925 633 988 Ebor.
659 930 693 988 et
718 930 819 1007 prout
844 924 925 988 anni
950 929 1086 1007 tempus
1110 924 1215 1008 exigit
1239 930 1273 987 et
1297 924 1458 1007 requirit,

345 1029 408 1093 nisi
442 1029 590 1113 legitime
625 1028 750 1092 luerint
783 1028 949 1111 impediti.
994 1029 1087 1095 ,Item
1121 1028 1165 1091 do
1198 1034 1231 1092 et
1264 1027 1338 1111 lego
1371 1027 1460 1091 d'no

146 1155 217 1203 Poor
229 1155 258 1203 ol
272 1154 319 1202 the
346 1133 458 1197 Will'o
475 1133 619 1217 Stabyll,
636 1132 830 1216 Capeliano,
848 1152 921 1195 xxs.
971 1133 1059 1196 Item
1076 1132 1149 1216 lego
1165 1132 1209 1196 ad
1225 1132 1456 1197 distribuend.

151 1221 314 1336 P‘ffi‘mf
346 1238 436 1301 iuter
466 1257 632 1321 pauperes
659 1237 884 1320 parochianos
911 1236 1082 1320 prebende
1109 1256 1182 1300 mee
1209 1236 1250 1300 de
1276 1236 1393 1319 Thorp
1420 1242 1458 1300 et

256 1304 282 1352 p.
347 1342 423 1425 alijs
443 1342 525 1406 locis
547 1342 783 1405 adiacentibus
805 1341 848 1404 ad
871 1341 1000 1404 dictam
1021 1340 1231 1424 prebendam
1252 1340 1458 1424 pertinenti-

347 1449 422 1522 bus,
440 1447 628 1511 secundum
645 1465 762 1509 eorum
779 1445 1017 1529 indigenciam,
1035 1446 1070 1509 xl
1086 1445 1221 1510 solidos.
1270 1445 1358 1509 Item
1379 1443 1458 1529 lego

170 1555 300 1605 Friarsol
347 1552 486 1615 cuilibet
509 1551 618 1615 ordini
642 1551 787 1614 fratrum
810 1550 1083 1613 mendicancium
1105 1549 1257 1614 ciuitatis
1279 1549 1382 1613 Ebor.
1407 1570 1457 1613 xx

150 1623 315 1739 {Elim}
347 1656 482 1720 solidos,
531 1656 620 1719 Item
661 1654 736 1738 lego
777 1654 970 1718 Conuentui
1012 1654 1159 1718 fratrum
1199 1654 1370 1717 minorum
1413 1654 1457 1717 de

348 1760 542 1824 Richmond
582 1780 628 1823 xx
669 1758 803 1823 solidos.
852 1759 898 1822 Et
939 1758 1130 1823 Conuentui
1172 1757 1372 1823 Monialium
1412 1758 1457 1822 de

143 1857 248 1972 Eslllffi
265 1856 319 1972 {ful
348 1865 506 1939 Eschold,
549 1884 622 1927 xxs.
691 1864 737 1927 Et
779 1863 964 1926 conuentui
1006 1863 1129 1927 domus
1169 1862 1370 1927 monialium
1412 1862 1457 1927 de

222 1964 250 2038 ol
347 1969 592 2052 Arthyngton’,
617 1989 690 2031 xxs
739 1968 828 2030 Item
852 1967 926 2051 lego
950 1968 1047 2031 fratri
1071 1968 1224 2032 Roberto
1247 1966 1382 2043 Cawod,
1408 1988 1455 2031 xx

143 2058 320 2119 Arthmgton.
347 2073 482 2137 solidos.
531 2073 620 2136 Item
643 2072 717 2155 lego
741 2072 871 2135 Thome
895 2072 937 2135 de
960 2072 1042 2136 Alta
1067 2072 1167 2156 Ripa,
1192 2071 1322 2147 clerica,
1347 2092 1456 2135 vnam

347 2178 478 2261 peciam
515 2176 645 2260 argenti
683 2196 761 2239 cum
798 2176 1009 2259 cooperculo
1047 2177 1234 2240 habentem
1270 2195 1382 2240 rosam
1420 2176 1456 2240 in

346 2282 546 2346 summitate
570 2280 771 2363 cooperculi.
821 2281 910 2344 Item
934 2281 1009 2364 lego
1034 2281 1163 2366 Mag’ro
1187 2280 1280 2364 Joh’i
1305 2280 1456 2345 Stanton

345 2407 451 2451 vnam
472 2386 604 2469 peciam
625 2406 704 2449 cum
725 2385 927 2468 cooperculo
948 2386 1134 2449 habentem
1156 2385 1264 2449 eciam
1284 2405 1397 2449 rosam
1419 2385 1456 2449 in

346 2490 547 2555 summitate
580 2489 781 2573 cooperculi.
831 2490 921 2553 Item
954 2490 1028 2574 lego
1062 2489 1143 2555 d’no
1177 2490 1306 2554 Rob'to
1339 2488 1458 2553 Semer

345 2595 532 2679 capellano,
564 2615 670 2658 vnam
705 2594 838 2677 peciam
874 2594 1006 2678 argenti
1042 2614 1120 2658 cum
1156 2615 1218 2659 suo
1253 2592 1457 2678 cooperculo

345 2701 530 2764 habentem
559 2698 688 2763 nodum
717 2698 752 2762 in
781 2699 982 2763 summitate
1010 2699 1211 2783 cooperculi.
1261 2699 1350 2762 Item
1379 2697 1457 2782 lego

346 2804 439 2888 Joh’i
479 2804 608 2889 Pygott
648 2825 755 2867 vnam
795 2803 928 2887 peciam
968 2809 1187 2888 cooperatam
1228 2802 1272 2867 ad
1311 2801 1456 2867 modum

345 2910 459 2974 calicis
478 2930 557 2974 cum
576 2908 668 2973 nodo
687 2908 722 2972 in
742 2908 944 2972 summitate
964 2908 1155 2992 cooperculi
1175 2907 1356 2972 anamaled
1375 2927 1456 2970 cum

346 3034 478 3078 azoure.
528 3014 617 3076 Item
642 3013 717 3097 lego
743 3011 824 3076 d'no
851 3012 944 3095 Joh’i
970 3013 1149 3077 Thomton
1175 3011 1304 3076 vicario
1330 3011 1456 3075 Ponte-

133 3137 250 3186 Funeral
260 3135 332 3183 robe
347 3119 445 3183 fract’
462 3139 568 3182 vnam
583 3117 716 3201 peciam
731 3118 863 3201 argenti
880 3139 958 3182 cum
974 3116 1174 3200 cooperculo
1190 3137 1251 3180 suo
1267 3115 1454 3180 habentem

171 3203 290 3252 without
346 3224 381 3288 in
411 3223 612 3287 summitate
642 3223 706 3285 hoc
736 3241 872 3297 nomen,
905 3222 977 3294 tlte.
1039 3222 1128 3285 Item
1158 3221 1238 3284 volo
1268 3225 1303 3284 et
1333 3218 1454 3283 ordino

153 3270 309 3401 pidiffiit
346 3328 451 3412 quod,
485 3327 645 3411 expedita
677 3327 854 3409 sepultura
886 3346 963 3390 mea
995 3327 1125 3409 absque
1157 3345 1284 3408 pompa
1316 3323 1457 3388 omnino

141 3404 286 3519 lfflrffl'
287 3403 324 3517 1ξρ
347 3432 500 3507 seculari,
535 3431 676 3494 honeste
710 3437 826 3494 tamen
860 3436 1000 3514 propter
1033 3429 1296 3513 obloquencium
1330 3427 1457 3492 iudicia

146 3539 211 3602 paid
227 3536 321 3612 before
346 3535 550 3610 inconsulta,
577 3535 670 3618 quod
698 3535 813 3599 omnia
841 3542 875 3598 et
903 3535 1036 3618 singula
1063 3534 1181 3597 debita
1208 3553 1285 3597 mea
1312 3553 1378 3617 que
1403 3552 1458 3595 me

168 3605 292 3666 legam
346 3641 471 3704 debere
488 3639 670 3723 contigerit
687 3644 840 3723 tempore
856 3639 977 3703 mortis
993 3659 1066 3702 mee
1083 3644 1163 3701 ante
1179 3637 1387 3702 solucionem
1402 3635 1458 3700 vel

346 3744 630 3809 deliberacionem
658 3764 957 3827 quorumcumque
984 3743 1175 3826 legatorum
1202 3761 1357 3806 meorum
1383 3761 1458 3825 pre-

347 3849 517 3913 dictorum
537 3848 668 3932 integre
693 3848 942 3931 persoluantur.
992 3846 1180 3910 Residuum
1201 3866 1284 3909 vero
1303 3845 1459 3909 omnium

348 3955 518 4018 bonorum
550 3972 705 4016 meorum
737 3953 893 4035 superius
925 3973 994 4016 non
1026 3951 1217 4035 legatorum
1249 3950 1458 4033 Vbicumque

154 4073 224 4147 Poor
234 4070 263 4119 of
273 4070 315 4118 his
347 4060 579 4133 inuentorum,
593 4057 639 4120 do
659 4063 693 4119 et
714 4057 788 4141 lego
809 4056 1049 4121 executoribus
1070 4055 1154 4118 meis
1174 4054 1399 4138 infrascriptis
1417 4059 1459 4118 vt

164 4139 296 4203 panshes.
348 4164 412 4248 ipsi
433 4162 475 4227 de
496 4183 535 4226 eo
557 4162 753 4245 disponant,
775 4162 957 4245 ipsumque
978 4160 1013 4225 in
1034 4161 1108 4245 pios
1128 4180 1220 4235 vsus,
1244 4166 1278 4223 et
1299 4158 1459 4243 precipue

348 4287 538 4352 pauperum
591 4266 821 4350 indigeneium
875 4265 1160 4350 parochianorum
1213 4263 1458 4328 beneficiorum

348 4393 512 4447 meorum,
531 4376 737 4435 conuertant
755 4377 858 4454 prout
876 4371 989 4434 anime
1006 4390 1080 4433 mee
1097 4369 1217 4433 melius
1235 4375 1269 4432 et
1287 4367 1459 4432 salubrius

165 4480 300 4545 Appoint-
348 4477 516 4542 crederint
540 4474 709 4559 expedire.
758 4477 805 4539 Et
830 4475 875 4539 ad
899 4474 1138 4539 execucionem
1161 4473 1329 4558 presentis
1353 4478 1459 4536 testa-

152 4545 313 4669 efflio‘r'ss
348 4582 455 4647 menti
488 4580 565 4656 mei,
599 4580 758 4644 vltimam
791 4580 1009 4644 voluntatem
1041 4599 1155 4642 meam
1188 4578 1223 4642 in
1256 4598 1292 4641 se
1325 4577 1459 4662 plenius

187 2224 274 2273 Plate.

388 4697 439 4766 ἶ
447 4739 522 4786 Brev.
538 4737 615 4784 Ebor.
632 4735 774 4794 (Snrtees),
792 4732 974 4792 11‚659-668.

418 4825 428 4848 ²
445 4816 579 4868 Manuale
592 4815 671 4863 Ebor.
688 4812 830 4873 (Surtees)‚
845 4823 888 4872 92.
