3392 5650
538 704 632 769 Acrs
655 722 701 770 or
724 705 904 771 cnam.
1259 720 1322 789 259

211 888 246 945 et
279 883 485 966 priuacionis
519 886 563 947 ab
596 885 726 949 eadem.
776 886 905 949 Panem
938 906 1086 970 quoque,
1121 886 1252 960 vinum,
1287 890 1322 948 et
1335 883 1379 931 He
1396 883 1418 932 is
1434 886 1464 932 to
1479 883 1520 961 {3¹¹⁴

210 986 336 1062 lumen,
359 1009 399 1052 ac
426 988 493 1053 alia
520 989 742 1053 celebracioni
767 989 963 1054 diuinorum
987 990 1176 1054 necessaria
1197 989 1322 1054 tuturis
1335 950 1520 1074 breaqicjvme

210 1092 423 1175 temporibus
447 1094 646 1157 successiuis
669 1095 867 1178 sumptibus
891 1095 960 1159 suis
984 1094 1131 1178 proprijs
1157 1094 1319 1158 inueniet.

211 1196 370 1260 Preterea
392 1197 552 1262 volumus
575 1205 609 1261 et
632 1197 831 1263 ordinamus
853 1199 946 1283 quod
969 1220 1072 1283 supra
1094 1199 1321 1273 vestimentis,

208 1299 313 1375 libris,
334 1301 507 1377 calicibus,
528 1303 750 1378 ornamentis
770 1309 804 1367 et
824 1303 900 1386 alijs
919 1303 1083 1367 iocalibus
1101 1303 1321 1387 quibuscum·

209 1424 276 1488 que
295 1404 387 1469 dicte
407 1405 566 1470 Cantarie
586 1426 647 1490 per
665 1428 728 1471 nos
748 1413 809 1471 aut
830 1407 914 1471 alios
933 1391 1168 1492 quoscumque
1188 1406 1320 1471 collatis
1334 1394 1520 1509 ἑῇθῖξῇζιξξοξ

208 1528 268 1572 seu
286 1509 479 1594 assignatis,
499 1511 639 1594 plenum
657 1517 691 1575 et
710 1511 808 1575 fidele
826 1512 888 1575 fiat
907 1512 1146 1576 Inuentarium
1164 1511 1320 1575 indenta-
1333 1528 1362 1575 or
1381 1528 1429 1575 the
1448 1516 1520 1591 good

208 1618 284 1676 tum
307 1614 606 1712 quatripartitum,
631 1616 727 1679 cuius
750 1637 819 1680 vna
842 1637 922 1699 pars
945 1637 1049 1700 penes
1071 1637 1144 1691 n05,
1168 1615 1319 1690 heredes,
1364 1594 1497 1723 Cffiffy

208 1723 242 1779 et
260 1718 451 1802 assignatos
467 1719 570 1794 n’roS,
589 1719 697 1783 altera
714 1741 793 1803 pars
810 1741 914 1803 penes
931 1721 1122 1804 predictam
1139 1740 1320 1803 personam

208 1822 321 1885 eccl'ie
348 1823 390 1887 de
417 1823 522 1887 Wath
549 1824 608 1908 qui
636 1845 698 1907 pro
725 1831 881 1908 tempore
909 1825 1023 1900 fuerit,
1051 1831 1085 1889 et
1112 1845 1321 1889 successores

208 1944 297 2001 suos,
316 1928 422 1992 tercia
437 1948 516 2011 pars
531 1948 635 2011 penes
652 1928 851 2012 Capitulum
867 1929 945 1993 eccl.
965 1929 1046 1993 Coll.
1064 1929 1158 1993 beati
1174 1929 1320 1993 Wiliridi

101 2105 104 2110 ¹
209 2030 347 2114 Ripon',
377 2038 411 2096 et
440 2040 565 2117 quarta
593 2054 673 2116 pars
701 2054 805 2117 penes
833 2032 1028 2116 predictum
1055 2033 1251 2116 Johannem
1279 2033 1321 2097 de

207 2136 338 2200 Thresk
374 2142 408 2200 et
444 2157 652 2201 successores
688 2158 768 2202 suos
804 2137 895 2202 dicte
931 2138 1090 2202 Cantarie
1126 2137 1321 2221 capellanos

207 2246 377 2324 perpetuo
400 2244 638 2318 remanebunt,
662 2242 825 2326 quodque
851 2242 942 2306 idem
965 2242 1083 2325 Joh'es
1106 2241 1149 2306 de
1170 2242 1320 2306 Threske

208 2352 243 2409 et
270 2346 415 2430 quilibet
442 2366 524 2410 suus
551 2367 724 2411 successor
750 2346 903 2411 eiusdem
930 2347 1090 2411 Cantarie
1117 2346 1320 2430 Capellanus

206 2450 266 2534 qui
301 2471 364 2534 pro
399 2456 553 2535 tempore
589 2452 692 2515 fuerit
723 2452 921 2516 huiusmodi
952 2452 1171 2526 vestimenta,
1203 2451 1318 2527 libros

206 2555 337 2629 calices,
357 2561 392 2618 et
411 2556 477 2619 alia
495 2555 616 2619 iocalia
635 2561 669 2619 et
688 2562 893 2619 ornamenta
911 2576 1127 2640 quecumque
1146 2576 1185 2619 ac
1204 2556 1320 2619 omnia

206 2658 273 2722 alia
310 2660 401 2723 bona
440 2659 483 2723 ad
521 2680 622 2723 vsum
660 2659 813 2724 eiusdem
852 2659 1013 2723 Cantarie
1053 2659 1222 2743 deputata
1260 2680 1319 2723 seu

206 2763 380 2848 assignata
417 2763 472 2828 vel
509 2763 735 2848 imposterum
767 2762 970 2848 deputanda
1000 2784 1060 2828 seu
1098 2763 1316 2848 assignanda,

205 2868 402 2952 sumptibus
439 2868 508 2932 suis
546 2868 694 2952 proprijs
731 2889 810 2932 cum
848 2867 1032 2953 indiguerit
1070 2868 1244 2951 reparabit
1281 2874 1316 2931 et
1362 2861 1501 2992 ἃῒηὲῑέὲξὲὸ

205 2972 332 3036 reficiet
349 2979 383 3035 et
401 2993 440 3036 ea
457 2973 572 3036 omnia
589 2973 685 3037 salua
703 2979 737 3036 et
754 2973 889 3058 integra
905 2972 1093 3037 secundum
1110 2971 1316 3056 possibilita-
1341 2994 1513 3043 1111111111-

205 3082 276 3140 tem
310 3076 496 3141 eorundem
531 3078 661 3161 absque
695 3076 897 3141 vendicione
932 3077 1222 3161 impignoracione
1256 3061 1520 3191 ε1υξζῖἷῐοζᾎῗ83ἓ

204 3181 434 3245 diminucione
457 3180 574 3265 aliqua
596 3181 722 3245 futuris
746 3182 959 3265 temporibus
982 3187 1149 3265 perpetuo
1172 3182 1258 3244 bene
1281 3187 1315 3244 et
1329 3208 1385 3256 any
1398 3195 1427 3243 of
1444 3193 1521 3243 them

203 3286 349 3350 fideliter
369 3285 587 3349 conseruabit
609 3307 649 3349 ac
670 3286 712 3350 de
733 3286 863 3350 eisdem
884 3285 1004 3350 reddet
1025 3285 1196 3349 racionem
1217 3285 1316 3349 nobis

203 3391 384 3455 heredibus
401 3391 456 3454 vel
472 3390 654 3475 assignatis
670 3391 797 3455 nostris
813 3396 875 3455 aut
892 3410 1035 3474 persone
1052 3389 1131 3454 eccl.
1150 3390 1192 3454 de
1210 3390 1316 3454 Wath

202 3495 399 3579 supradicte
431 3494 492 3578 qui
524 3515 587 3578 pro
620 3501 775 3579 tempore
810 3495 915 3559 fuerit
949 3515 1009 3559 seu
1042 3494 1202 3578 Capitulo
1235 3494 1314 3558 eccl.

203 3599 284 3664 Coll.
310 3599 462 3683 predicte
485 3598 775 3683 quandocumque
807 3620 925 3664 eorum
956 3598 1079 3682 aliquis
1110 3597 1189 3662 inde
1212 3598 1315 3662 fuerit

203 3704 398 3788 requisitus.
446 3702 500 3767 Ad
523 3723 591 3787 que
614 3705 730 3768 omnia
754 3709 788 3767 et
811 3705 945 3789 singula
968 3704 1002 3767 in
1027 3703 1138 3766 forma
1161 3701 1315 3786 predicta

203 3810 289 3871 bene
312 3813 346 3871 et
371 3807 517 3871 fideliter
532 3807 699 3882 facienda,
718 3808 879 3882 tenenda,
897 3813 931 3871 et
948 3806 1195 3891 perimplenda,
1216 3811 1251 3869 et
1271 3805 1316 3870 ad

202 3912 457 3976 ordinacionem
506 3917 661 3975 nostram
711 3912 903 3996 predictam
952 3911 1207 3994 imperpetuum
1256 3911 1315 3974 ob-

202 4015 382 4091 seruanda,
414 4015 559 4100 quilibet
591 4015 796 4098 Capellanus
827 4016 872 4080 ad
899 4015 1098 4080 Cantariam
1125 4013 1315 4098 predictam

202 4123 428 4205 imposterum
444 4120 683 4184 admittendus
698 4125 734 4183 et
750 4120 785 4184 in
807 4120 928 4184 eadem
950 4119 1113 4184 canonice
1134 4119 1316 4183 instituen-

202 4226 267 4290 dus
299 4231 333 4289 et
359 4224 583 4299 inducendus,
608 4224 837 4288 incontinenti
861 4229 940 4307 post
964 4224 1037 4287 eius
1061 4222 1314 4298 admissionem,

202 4350 317 4394 coram
346 4349 382 4393 se
414 4329 622 4393 admittente
656 4328 711 4392 vel
749 4328 967 4402 instituente,
1007 4328 1052 4392 ad
1091 4332 1212 4391 sancta
1251 4327 1315 4391 Dei

202 4435 379 4519 euangelia
394 4434 569 4517 corporale
587 4433 756 4516 prestabit
774 4433 1018 4507 iuramentum,
1039 4431 1192 4516 alioquin
1209 4430 1316 4515 ipsius

202 4539 376 4623 Capellani
392 4538 452 4622 qui
471 4536 668 4602 huiusmodi
687 4537 922 4602 iuramentum
945 4557 1014 4600 non
1038 4535 1237 4620 prostiterit,
1255 4556 1315 4600 seu

202 4650 354 4727 prestare
387 4642 585 4727 neglexerit,
611 4641 784 4717 admissi0,
811 4641 1000 4716 instituci0,
1025 4646 1061 4704 et
1092 4639 1249 4704 induccio
1280 4640 1315 4704 in

202 4747 401 4812 Cantariam
427 4746 663 4830 supradictam
693 4746 787 4810 omni
817 4745 933 4830 vigore
963 4745 1101 4829 penitus
1131 4750 1247 4808 careat
1280 4751 1312 4808 et

202 4852 337 4917 effectu.

1359 3687 1409 3736 His
1422 3688 1499 3738 oath.
