3392 5650
380 730 446 814 296
669 730 747 794 Tne
773 729 929 795 lvouev
954 730 1199 796 Mavuscruer.

378 910 464 993 hays
491 908 566 973 said
587 909 740 973 Will²m¹
765 909 949 992 fenyschyt
976 909 1029 973 his
1055 910 1169 973 warke
1196 915 1233 973 at
1259 910 1490 995 Byrdlington

379 1014 457 1077 that
481 1014 564 1077 then
587 1025 625 1096 ye
644 1012 719 1077 said
739 1013 871 1077 Willam
891 1014 1029 1078 schalbe
1048 1034 1118 1098 gyn
1138 1024 1178 1076 wt
1200 1013 1259 1078 the
1279 1014 1354 1078 said
1374 1015 1491 1078 warke

379 1116 449 1182 and
469 1123 506 1181 to
526 1118 628 1181 make
648 1117 693 1181 all
717 1130 754 1200 ye
774 1118 853 1181 hast
874 1125 907 1200 yt
928 1118 970 1181 he
990 1138 1062 1181 can·
1078 1117 1260 1201 possabille
1280 1118 1316 1181 of
1335 1118 1395 1182 the
1413 1117 1490 1183 said

378 1222 482 1297 wark‚
506 1221 574 1285 and
596 1227 633 1286 to
654 1222 730 1285 thes
751 1222 939 1286 comandez
960 1222 1034 1285 well
1057 1221 1125 1285 and
1146 1222 1270 1305 trowly
1291 1228 1329 1287 to
1350 1224 1392 1287 be
1414 1242 1490 1306 per-

378 1325 511 1390 formed
539 1326 608 1390 and
635 1327 742 1409 kepyt
770 1326 880 1389 either
906 1326 1017 1410 partie
1045 1332 1083 1389 to
1110 1327 1214 1390 othur
1240 1327 1347 1390 hathe
1373 1326 1489 1391 bonde

380 1431 475 1495 them
493 1430 568 1494 selff
586 1430 621 1494 in
640 1436 710 1494 tow
726 1430 947 1515 oblygacions
963 1430 1032 1494 and
1049 1430 1158 1495 either
1173 1431 1270 1495 them
1292 1431 1329 1495 of
1347 1451 1367 1495 a
1390 1430 1426 1495 xl
1453 1431 1488 1496 li.

379 1535 414 1599 in
433 1534 554 1598 witnes
573 1535 632 1598 her
652 1535 687 1598 of
705 1534 797 1598 eider
815 1535 926 1618 partie
943 1540 981 1598 to
1000 1535 1099 1598 other
1118 1536 1204 1616 hays
1220 1541 1309 1600 sette
1325 1536 1402 1599 ther
1418 1535 1489 1600 sell.

382 1733 440 1784 102
460 1741 491 1782 v.
631 1712 719 1797 (366)
749 1712 987 1796 (Nomination
1012 1714 1047 1777 of
1071 1734 1091 1778 a
1114 1714 1239 1797 Vicar).

468 1866 661 1931 Venerabili
704 1866 864 1950 Capitulo
906 1866 997 1930 Eccl.
1042 1866 1123 1930 Coll.
1168 1867 1271 1931 S’cor.
1317 1868 1410 1931 Petri
1452 1874 1488 1932 et

379 1969 540 2053 Wylfridi
565 1970 722 2055 Riponie,
747 1970 893 2035 Will'ms
917 1970 1096 2046 Poteman‚
1122 1970 1312 2036 Canonicus
1336 1971 1490 2037 eiusdem

381 2074 529 2139 Ecclesie
544 2081 579 2138 et
596 2075 845 2139 Prebendarius
861 2074 1037 2139 Prebende
1053 2074 1095 2139 de
1110 2075 1292 2160 Nunwyke
1306 2076 1341 2140 in
1357 2076 1489 2152 eadem,

380 2179 615 2243 obedienciam
640 2185 675 2243 et
700 2179 931 2244 reuerenciam
956 2200 1034 2244 cum
1060 2181 1197 2244 honore.
1245 2180 1300 2245 Ad
1324 2180 1491 2246 vicariam

379 2284 551 2366 prebende
593 2284 790 2366 supradicte
832 2304 893 2368 per
933 2284 1199 2369 resignacionem
1242 2284 1313 2349 d'ni
1355 2285 1492 2369 Joh'nis

380 2387 537 2463 Persone,
554 2387 667 2451 vltimi
682 2388 913 2453 incumbentis
928 2389 963 2452 in
978 2389 1099 2454 eadem
1113 2394 1308 2465 vacantem,
1325 2389 1490 2455 dilectum

378 2490 482 2555 michi
510 2492 545 2555 in
575 2512 644 2575 xpo
672 2492 769 2556 d'nm
797 2492 967 2557 Thomam
997 2493 1231 2576 Brathwayte,
1261 2494 1488 2578 capellanum,

379 2601 491 2659 vestre
524 2596 715 2661 reuerencie
747 2603 918 2681 presente,
951 2597 1148 2681 supplicans
1179 2597 1344 2681 quatinus
1375 2598 1489 2681 ipsum

378 2699 474 2764 d'nm
497 2700 666 2765 Thomam
690 2701 885 2776 admittere,
911 2722 950 2765 ac
972 2701 1086 2786 ipsum
1109 2702 1144 2765 in
1167 2702 1288 2766 eadem
1310 2702 1490 2767 instituere

259 2810 263 2816 '
378 2810 560 2891 ceteraque
595 2804 706 2870 facere
742 2827 809 2891 que
844 2806 943 2871 vobis
980 2805 1186 2871 incumbunt
1221 2806 1257 2871 in
1292 2806 1357 2871 hac
1391 2812 1491 2890 parte

379 2909 565 2995 dignemini
583 2931 663 2975 cum
681 2911 809 2975 fauore.
859 2910 900 2974 In
918 2930 946 2974 c.
967 2930 992 2974 r.
1013 2916 1038 2974 t.
1058 2911 1118 2994 sig.
1139 2931 1183 2974 m.
1205 2911 1359 2996 apposui.
1406 2911 1488 2976 Dat.

380 3013 458 3096 xiij⁰
476 3015 532 3078 die
551 3015 676 3079 mensis
697 3015 806 3097 Junij,
827 3014 929 3078 Anno
949 3015 1030 3079 D’ni
1052 3015 1206 3079 Mill’imo
1225 3015 1490 3100 quadringente-

382 3119 469 3183 simo
487 3119 718 3204 nonagesimo,

632 3284 720 3368 (367)
750 3285 958 3368 (Admission
982 3285 1018 3350 of
1041 3287 1100 3350 the
1123 3288 1241 3370 same).

469 3426 643 3490 Vniuersis
672 3426 743 3510 Xpi
772 3426 931 3490 fidelibus
959 3432 1079 3511 pateat
1108 3447 1168 3511 per
1195 3433 1370 3510 presentes
1397 3427 1492 3511 quod

382 3551 443 3595 nos
465 3530 522 3595 Ca.
546 3530 625 3595 eccl.
649 3530 730 3595 Coll.
755 3531 787 3594 b.
812 3530 961 3595 Wilfridi
984 3531 1121 3615 Ripon',
1145 3532 1248 3596 Ebor.
1272 3531 1371 3607 dioc,
1395 3531 1491 3595 d’nm

381 3633 552 3699 Thomam
570 3635 794 3717 Brathwayte
811 3635 1040 3718 presbiterum
1058 3635 1139 3700 dict.
1159 3635 1245 3700 dioc.
1265 3636 1310 3700 ad
1327 3635 1492 3700 vicariam

381 3739 604 3803 canonicatus
632 3744 666 3802 et
693 3739 866 3823 prebende
894 3739 936 3803 de
966 3738 1147 3823 Nunwyke
1174 3740 1209 3804 in
1233 3740 1374 3804 ecclesia
1397 3739 1492 3804 dicta

382 3843 506 3928 Ripon’
527 3862 588 3926 per
605 3863 666 3907 res
687 3842 759 3907 d'ni
778 3843 890 3925 Joh'is
910 3844 1057 3908 Persone
1075 3844 1188 3908 vltimi
1207 3844 1437 3909 incumbentis
1455 3843 1491 3908 in

381 3947 501 4012 eadem
536 3953 730 4020 vacantem,
767 3954 802 4011 et
837 3947 883 4012 ad
918 3948 1213 4031 presentacionem
1244 3948 1320 4012 M’ri
1351 3947 1492 4013 Will'mi

382 4052 560 4126 Poteman,
588 4052 743 4116 canonici
769 4052 861 4116 dicte
887 4052 1026 4116 ecclesie
1053 4058 1087 4117 et
1113 4052 1329 4136 prebendarij
1358 4053 1492 4136 prefate

382 4156 554 4241 prebende
580 4156 623 4220 de
650 4155 831 4240 Nunwyke
855 4157 890 4221 in
918 4156 1038 4220 eadem
1066 4157 1161 4221 veri²
1190 4157 1341 4221 eiusdem
1366 4156 1493 4221 vicarie

381 4261 529 4346 patroni,
555 4261 717 4326 canonice
742 4261 971 4338 admissimus,
998 4283 1038 4326 ac
1062 4262 1176 4346 ipsum
1201 4262 1297 4327 d’nm
1321 4262 1491 4327 Thomam

382 4366 606 4448 Brathwayte
633 4372 839 4451 perpetuum
867 4366 1035 4431 vicarium
1062 4367 1097 4430 in
1126 4367 1236 4431 forma
1263 4366 1491 4433 ordinacionis

381 4490 483 4555 super
522 4469 728 4534 admissione
766 4470 974 4535 vicariorum
1014 4470 1105 4534 dicte
1145 4471 1283 4535 ecclesie
1322 4471 1416 4535 edita
1455 4478 1490 4536 et

381 4580 523 4639 actenus
538 4573 679 4649 vsitata,
698 4594 738 4639 ac
755 4574 863 4638 eciam
879 4575 914 4638 in
934 4574 1046 4639 forma
1064 4574 1324 4639 constitucionis
1342 4575 1490 4660 legatine

452 4743 459 4765 ¹
482 4737 567 4787 “said
588 4737 736 4786 William”
759 4737 781 4784 is
807 4736 896 4784 either
916 4737 1099 4800 parenthetic‚
1121 4751 1152 4786 or
1177 4738 1199 4786 is
1225 4752 1260 4787 an
1282 4737 1487 4787 unintentional

379 4818 537 4882 repetition.

450 4915 461 4938 ²
478 4909 535 4960 MS.
549 4909 600 4960 has
614 4909 731 4960 “vere’'
