3392 5650
651 704 744 767 Acis
767 721 813 768 or
836 702 1015 770 Cnnrran.
1323 718 1385 785 215

281 879 401 954 forma,
439 886 473 943 et
510 880 663 944 terminis
699 883 900 965 prenotatiS,
937 883 1095 948 videlicet
1131 884 1278 948 durante
1313 883 1388 947 vita

279 983 423 1048 Roberti
438 984 592 1068 predicti.
641 985 682 1049 In
697 1007 844 1070 quorum
860 988 1014 1052 omnium
1030 988 1266 1052 testimonium
1281 993 1386 1071 atque

278 1087 391 1163 fidem,
441 1088 588 1173 sigillum
636 1097 793 1180 nostrum
842 1112 1023 1156 commune
1071 1092 1286 1176 presentibus
1333 1096 1385 1155 est

277 1213 477 1276 appensum.
526 1194 606 1257 Dat.
636 1194 670 1257 in
697 1194 800 1259 domo
826 1202 945 1259 nostra
971 1195 1160 1280 Capitulari
1189 1195 1300 1279 xxvj'0
1331 1195 1386 1259 die

277 1297 402 1361 mensis
420 1297 641 1381 Septembris
661 1300 762 1362 Anno
781 1299 862 1364 D'ni
880 1300 1022 1364 mill'mo
1041 1310 1154 1365 cccc¹¹¹o
1173 1298 1317 1383 xxxvj²⁰‚

276 1492 324 1561 75.
382 1478 469 1559 (300)
496 1477 618 1559 (Grant
640 1478 676 1541 of
696 1478 880 1549 oblacions.
903 1483 980 1554 etc,
1003 1480 1039 1543 oi
1058 1458 1133 1544 Our
1152 1480 1250 1563 Lady
1272 1479 1383 1561 Kirk).

365 1619 534 1684 Omnibus
554 1620 613 1704 xpi
633 1620 790 1684 fidelibus
809 1620 855 1684 ad
873 1642 960 1704 quos
979 1621 1044 1685 hoc
1063 1642 1200 1705 presens
1218 1621 1385 1705 scriptum
1462 1624 1536 1681 1461,

276 1721 496 1787 indentatum
537 1724 741 1808 peruenerit,
784 1724 983 1809 Capitulum
1023 1725 1160 1789 ecclesie
1201 1725 1385 1810 Collegiate
1398 1688 1598 1828 Thlgeghig'ter

275 1827 368 1890 beati
395 1827 488 1891 Petri
514 1828 639 1912 Ripon’
667 1829 770 1892 Ebor.
798 1829 884 1893 dioc.
912 1830 1060 1894 salutem
1085 1829 1120 1893 in
1146 1829 1236 1894 D’no
1261 1829 1384 1913 sempi-
1410 1846 1472 1909 give
1489 1849 1520 1895 to
1533 1794 1585 1921 ine

275 1937 410 1996 ternam
463 1938 499 1996 et
552 1932 655 1997 fidem
709 1933 888 1997 indubiam
942 1934 1157 2017 presentibus
1211 1933 1382 1998 adhibere.
1425 1912 1560 1976 chaplam

276 2035 449 2100 Noueritis
472 2058 535 2101 nos
558 2036 603 2102 ad
627 2038 791 2101 honorem
814 2037 878 2100 Dei
903 2044 937 2101 et
960 2037 1198 2122 gloriosissime
1224 2037 1383 2121 (matris)1

275 2160 335 2204 sue
376 2141 481 2205 Marie
521 2141 669 2226 Virginis
709 2141 913 2205 intemerate
953 2162 1103 2206 vnacum
1143 2162 1310 2206 consensu
1350 2147 1385 2204 et

275 2245 457 2309 voluntate
487 2245 623 2320 nostris,
655 2244 798 2321 dedisse,
830 2246 1044 2321 concessisse,
1077 2252 1111 2309 et
1142 2247 1206 2310 hoc
1236 2246 1415 2352 presenti]
1436 2238 1572 2353 Zmss’m

275 2348 404 2432 scripto
434 2355 552 2414 nostro
583 2370 644 2434 pro
675 2350 773 2414 nobis
804 2356 839 2413 et
870 2350 1120 2415 successoribus
1151 2350 1276 2414 nostris
1306 2371 1385 2414 con·
1418 2320 1600 2420 nmilia·

276 2454 428 2517 firmasse
458 2454 539 2518 d’no
570 2454 663 2537 Joh’i
693 2454 858 2537 Amclyfl,
891 2454 1074 2538 Capellano
1105 2454 1264 2519 Cantarie
1294 2454 1385 2518 dicte
1410 2438 1599 2487 Thesaurana.

275 2557 513 2642 gloriosissime
537 2558 685 2643 Virginis
709 2559 814 2622 Marie
838 2559 873 2622 in
897 2558 1034 2643 Capella
1057 2564 1176 2623 nostra
1199 2559 1386 2643 vulgariter

276 2662 370 2726 dicta
405 2663 496 2727 Oure
532 2662 614 2745 lady
650 2664 738 2746 kyrk
774 2664 808 2727 in
845 2663 1106 2747 Stanebriggate
1142 2663 1221 2726 ville
1258 2662 1383 2746 Ripon’
1424 2638 1576 2753 ouffldy

275 2767 424 2831 lundata
452 2788 493 2832 ac
521 2767 556 2831 in
585 2772 620 2831 et
649 2767 691 2832 de
720 2767 883 2852 parochia
913 2767 1037 2853 Ripon’
1069 2768 1237 2832 existente
1267 2767 1386 2832 diuina

275 2871 309 2936 in
334 2872 454 2935 eadem
478 2872 665 2936 celebranti
690 2893 808 2936 omnes
833 2879 868 2935 et
893 2872 1110 2936 omnimodas
1134 2871 1328 2936 oblaciones
1351 2871 1386 2934 in
1401 2865 1436 2913 ³¹¹
1451 2864 1600 2980 obqations,

275 2974 369 3040 dicta
399 2976 530 3060 capella
561 2976 633 3040 siue
664 2977 807 3040 ecclesia
839 2983 918 3060 post
950 2977 1070 3040 datam
1101 2976 1314 3060 presencium
1345 2996 1386 3038 ex
1471 2945 1534 2990 Μ’

227 3156 232 3162 ‚
275 3080 464 3144 donacione
485 3080 640 3145 fidelium
661 3080 855 3145 offerendas
876 3102 915 3145 ac
937 3081 1003 3144 alia
1024 3100 1240 3164 quecumque
1260 3079 1388 3143 emolu-

276 3191 395 3248 menta
418 3190 453 3248 et
476 3186 658 3250 commoda
681 3206 723 3249 ex
747 3185 995 3250 donacionibus
1019 3185 1108 3249 inter
1130 3185 1229 3249 viuos
1252 3183 1324 3247 sine
1347 3203 1388 3246 ex

275 3289 516 3353 voluntatibus
556 3289 688 3352 vltimis
728 3289 972 3353 decedencium
1012 3288 1103 3352 dicte
1143 3288 1278 3372 Capelle
1317 3287 1389 3366 sine

276 3393 389 3456 eccl'ie
410 3393 636 3478 imposterum
659 3394 838 3469 donandis,
862 3394 1026 3478 legandis,
1050 3392 1291 3483 relinquendis,
1317 3391 1389 3455 sine

276 3497 512 3582 assignandis;
550 3498 697 3562 habend.
735 3504 770 3561 et
805 3498 1011 3582 percipiend.
1048 3497 1141 3561 dicto
1176 3497 1258 3560 d'no
1293 3495 1388 3578 Joh'i

276 3601 431 3684 Amclytl
450 3602 633 3686 Capellano
658 3624 678 3665 a
700 3609 854 3687 tempore
873 3602 954 3666 date
976 3601 1189 3686 presencium
1211 3621 1319 3684 vsque
1343 3600 1387 3663 ad
1401 3596 1443 3643 f⁰s
1456 3599 1554 3710 acrlent
1570 3595 1599 3643 ⁰¹

277 3706 462 3770 terminum
490 3707 561 3770 vite
589 3727 659 3781 sue,
690 3706 880 3770 Reddendo
908 3707 987 3770 inde
1016 3706 1197 3770 annuatim
1225 3704 1323 3768 nobis
1351 3710 1386 3767 et
1429 3676 1569 3792 {diderit

276 3810 526 3875 successoribus
566 3811 691 3874 nostris
731 3811 775 3874 ad
816 3811 943 3876 festum
983 3809 1118 3874 Natalis
1157 3809 1238 3873 D'ni
1278 3828 1385 3871 vnum
1399 3796 1601 3911 aridffldin

276 3914 455 3979 denarium
483 3916 615 4000 argenti
644 3936 683 3979 ac
710 3936 817 3979 vnam
841 3915 971 3978 Rosam
999 3915 1033 3978 in
1061 3914 1150 3977 festo
1180 3912 1386 3976 Natiuitatis
1400 3928 1599 3992 Nativ.S.J.B.

277 4019 343 4084 S'ci
369 4019 479 4102 Joh’is
506 4019 674 4103 Baptiste,
701 4025 805 4103 prout
831 4019 865 4083 in
891 4018 1043 4102 quadam
1070 4018 1261 4082 Indentura
1286 4036 1388 4100 super

276 4123 443 4198 custodia,
483 4123 748 4197 ministracione,
781 4128 816 4186 et
856 4123 1083 4206 occupacione
1123 4121 1213 4185 dicte
1253 4120 1387 4205 Capelle

276 4233 392 4292 nostre
409 4227 542 4312 plenius
559 4227 766 4302 continetur,
785 4226 882 4290 cuius
900 4226 971 4290 dat.
991 4231 1042 4289 est
1060 4225 1316 4310 quintodesimo
1334 4224 1388 4288 die

277 4331 466 4414 Februarij,
500 4333 601 4395 Anno
628 4331 709 4395 D’ni
739 4330 917 4394 Millesimo
948 4329 1197 4412 ccccxxxvijrr.
1247 4328 1388 4393 Prouiso
1439 4315 1558 4440 ἑέἐζξ

277 4436 416 4500 omnino
429 4436 523 4519 quod
535 4435 649 4499 dictus
662 4435 739 4499 d’ns
752 4434 871 4517 Joh'es
884 4434 999 4498 omnia
1012 4439 1046 4497 et
1063 4433 1197 4518 singula
1209 4432 1390 4497 commoda
1499 4415 1504 4426 ¹
1552 4413 1559 4427 ⁶

277 4547 311 4604 et
338 4540 571 4604 emolumenta
598 4540 632 4603 in
659 4539 753 4603 dicta
780 4538 918 4622 Capella
944 4538 1017 4602 siue
1043 4537 1184 4601 ecclesia
1210 4537 1252 4601 de
1278 4541 1391 4601 cetero
1440 4547 1484 4594 He
1497 4546 1519 4595 is
1535 4549 1565 4594 to

279 4649 491 4730 prouentura
525 4644 570 4708 ad
603 4643 896 4708 sustentacionem
930 4649 964 4706 et
998 4642 1253 4727 reparacionem
1280 4639 1392 4726 ‘ipsius
1405 4610 1605 4744 maicqipqqlthe

349 4797 357 4820 ¹
377 4792 505 4842 Omitted
517 4791 546 4842 in
560 4795 609 4842 the
623 4792 680 4842 MS.
