3392 5650
335 693 377 757 34
610 675 693 741 Tun
720 677 875 741 Instent
902 676 1163 740 Manuscntnr.

336 851 407 931 (37)
446 850 562 915 Coum
605 870 837 915 Tusrnnnurr
880 852 1120 915 Mancinum
1163 851 1357 927 Wnnulm,
1401 870 1444 913 ET

382 968 550 1014 nnosnrn
588 971 671 1014 nun
707 970 834 1015 conam
876 969 984 1014 nonus
1024 951 1288 1016 Conntssnmo
1326 969 1444 1013 numo

382 1067 444 1112 on:
469 1051 705 1115 Samonium
731 1065 770 1113 ΑΟ
795 1052 881 1114 D’ru
907 1070 981 1114 nte.
1012 1065 1164 1136 LxxviJ0‚
1189 1069 1233 1114 nr
1257 1069 1443 1114 concussa

382 1168 466 1212 nun
490 1169 787 1215 noniursrnnmo
814 1169 997 1214 nononun
1024 1169 1304 1214 nxncurontssus
1330 1168 1444 1213 tunna

383 1267 600 1314 uoniunrrs.

126 1371 324 1435 ¹376·S⁰n¹·25
427 1386 465 1447 In
486 1387 550 1450 Dei
571 1388 723 1462 nomine,
744 1388 870 1450 Amen.
921 1387 1000 1470 Ego
1020 1386 1385 1469 MargaretaWarner
1401 1387 1443 1450 de

339 1483 480 1566 RIpon’,
505 1508 591 1549 sana
612 1499 645 1550 et
663 1507 808 1569 compos
826 1487 962 1562 mentis
983 1487 1038 1550 die
1054 1486 1152 1571 JouIs
1170 1507 1266 1569 prox.
1289 1502 1367 1569 post
1384 1500 1440 1533 --1

340 1583 470 1648 Mathei
497 1586 670 1668 Apostoli,
690 1607 784 1649 anno
804 1587 948 1649 Domini
970 1586 1160 1649 Millesimo
1183 1600 1282 1650 cccmo
1306 1596 1445 1667 septua-

289 1707 292 1712 ·
337 1684 474 1766 gesimo
520 1699 628 1762 sexto,
670 1686 783 1750 condo
829 1698 1073 1749 testamentum
1118 1707 1233 1750 meum
1275 1686 1309 1748 in
1351 1675 1445 1750 bunc

337 1784 491 1847 modum.
552 1786 590 1847 In
619 1786 754 1868 primis.
777 1799 832 1831 -1
855 1785 1008 1848 animam
1033 1807 1145 1849 meam
1171 1786 1248 1849 Deo
1271 1777 1444 1876 Om'nipo·

336 1883 431 1959 tenti,
451 1896 626 1967 etcorpus
644 1905 758 1948 meum
776 1885 819 1947 ad
836 1886 1078 1967 sepeliendum
1104 1886 1138 1947 in
1163 1885 1334 1970 cimiterio
1351 1885 1441 1950 beati

336 1981 492 2047 Wilfridi
517 1984 669 2067 Rypon'.
722 1986 805 2048 Item
831 2005 893 2067 pro
918 1986 1015 2068 vigil.
1041 1999 1139 2048 mort.
1164 1999 1219 2032 —1
1267 1986 1353 2051 Item
1381 2007 1442 2068 pro

335 2083 523 2147 mortuario
541 2106 618 2148 meo
636 2105 750 2148 meum
770 2085 894 2149 melius
911 2086 1053 2147 animal.
1106 2086 1190 2148 Item
1210 2085 1244 2146 in
1269 2105 1443 2149 conuoca-

331 2181 431 2245 cione
447 2183 640 2247 vi0inorum
663 2205 817 2247 meorum
842 2184 898 2247 die
922 2186 1098 2267 sepulture
1124 2205 1208 2261 mee,
1230 2185 1262 2245 xl
1288 2184 1432 2249 solidos

337 2282 422 2345 Item
458 2283 491 2344 in
524 2283 818 2364 di(stribucione)1
852 2305 1057 2366 pauperum,
1089 2285 1122 2345 xl
1154 2283 1297 2348 solidos.
1358 2284 1441 2345 Item

335 2382 415 2464 lego
432 2382 568 2446 cuidam
590 2385 772 2465 capellano
793 2384 836 2446 ad
861 2384 1069 2447 celebranda
1092 2384 1213 2446 diuina
1238 2391 1301 2465 pro
1324 2382 1443 2445 anima

335 2503 411 2545 mea
427 2494 460 2546 et
477 2503 539 2565 pro
555 2484 741 2547 animabus
757 2484 914 2547 omnium
933 2483 1086 2546 fidelium
1106 2483 1360 2560 defunctorum,
1380 2482 1440 2566 viij

335 2603 437 2646 marc.
463 2596 518 2629 —1
550 2596 583 2647 et
614 2585 801 2647 conuentui
834 2584 877 2647 de
910 2584 1081 2647 Fontibus
1116 2605 1189 2648 xxs.
1257 2586 1341 2647 Item
1379 2604 1441 2665 pro

332 2683 597 2747 aumentacione
644 2684 788 2746 luminis
834 2686 932 2748 beate
973 2684 1083 2747 Marie
1122 2684 1247 2747 stantis
1287 2685 1320 2746 in
1360 2704 1441 2747 coro

336 2781 478 2866 Ripon',
499 2804 548 2846 vs.
593 2782 636 2868 [ᾖ
663 2784 747 2848 Item
774 2805 836 2867 pro
860 2784 1004 2848 decimis
1028 2785 1157 2862 oblitis,
1185 2806 1235 2848 vs.
1294 2785 1377 2848 Item
1404 2785 1437 2847 in

333 2904 410 2946 cera
426 2884 578 2947 ardenda
595 2884 685 2947 circa
700 2905 827 2967 corpus
845 2906 973 2961 meum,
992 2906 1041 2948 vs.
1093 2887 1177 2949 Item
1193 2885 1330 2949 Thome
1346 2884 1439 2948 fratri

335 3003 422 3059 mec,
453 3005 504 3047 xs.
556 2985 639 3047 Item
673 2983 804 3066 Agneti
841 2983 888 3046 fil.
924 2985 1091 3055 eiusdem.
1124 2983 1236 3068 iijs.]2
1266 2997 1299 3047 et
1328 2984 1440 3047 Alicie

333 3081 403 3146 filie
434 3083 589 3147 eiusdem
615 3097 670 3130 —1
699 3083 746 3146 fit.
777 3084 932 3148 eiusdem
962 3084 1045 3168 xijd.
1111 3085 1195 3148 Item
1231 3084 1343 3146 Alicie
1371 3083 1440 3147 filie

334 3203 419 3258 mee,
462 3205 482 3245 x
522 3183 598 3247 libr.
658 3185 742 3246 Item
774 3182 865 3267 Joh'i
898 3183 945 3246 fil.
978 3183 1089 3267 Joh'is
1121 3183 1249 3257 Goene,
1285 3205 1373 3258 uns,
1409 3197 1441 3246 et

336 3281 490 3345 Roberto
514 3281 561 3345 fil.
584 3283 739 3346 eiusdem
766 3306 839 3347 xxs.
892 3284 977 3347 Item
996 3283 1127 3368 Agneti
1145 3297 1200 3330 —1
1218 3284 1269 3347 *de
1288 3283 1435 3367 Hewyk‚

332 3403 383 3444 vs
436 3383 519 3446 Item
543 3382 670 3446 fabrice
686 3384 767 3447 eccl.
792 3383 921 3465 Ripon’
939 3383 1003 3467 vjs.
1025 3383 1120 3467 viijd.
1172 3384 1259 3446 Item
1277 3383 1439 3447 fratribus

334 3481 535 3562 predicator.
578 3494 611 3545 et
649 3481 796 3546 Carmel.
834 3483 939 3546 Ebot.
974 3481 1038 3566 vjs.
1074 3481 1168 3567 viijd.
1205 3477 1267 3564 per
1298 3485 1440 3564 equales

333 3581 525 3662 porciones
577 3581 661 3644 Item
680 3581 842 3646 fratribus
861 3582 1039 3645 Minorum
1060 3596 1092 3646 et
1116 3583 1311 3665 Augustini
1331 3583 1435 3646 Ebor.

332 3680 411 3764 iiijs.
442 3681 557 3763 equali
587 3681 761 3763 porcione.
823 3683 908 3745 Item
935 3681 1097 3746 fratribus
1125 3683 1167 3746 de
1197 3682 1439 3761 Richmundia

330 3781 400 3844 xld.
456 3782 539 3844 Item
569 3780 697 3844 fabrice
723 3781 983 3865 Northbrigges
1008 3781 1061 3865 ijs
1113 3772 1205 3853 Itemf
1227 3782 1260 3866 vj
1286 3783 1435 3858 vicariis,

329 3881 471 3945 cuilibet
494 3879 576 3964 xijd.
636 3883 720 3944 Item
747 3881 829 3945 d’no
858 3882 1013 3945 Roberto
1041 3860 1202 3966 Dalyssa'
1248 3881 1300 3966 ljs.
1353 3883 1436 3945 Item

329 3982 511 4063 capellano
549 3981 680 4063 capelle
719 3982 817 4045 beate
862 3981 983 4059 Marie,
1025 3981 1094 4065 vjd.
1169 3888 1257 4069 Ilzm
1298 3981 1439 4045 cuilibet

329 4081 477 4144 diacono
505 4092 538 4145 et
568 4081 784 4145 subdiacono
817 4080 887 4164 iijd.
939 4083 1023 4145 Item
1057 4072 1202 4157 cuilibelt
1232 4081 1438 4145 turibulario

328 4193 362 4245 et
400 4181 579 4263 patenario
617 4194 649 4244 et
687 4181 821 4259 consto,
858 4180 915 4265 ijd.
982 4182 1065 4245 Item
1101 4168 1189 4264 lego!
1211 4179 1225 4264 j
1258 4181 1437 4244 bordclath

330 4302 461 4365 magno
484 4281 582 4344 altari
607 4281 697 4345 beati
719 4281 875 4345 Witfridi
896 4281 1037 4364 Ripon’.
1095 4281 1188 4349 Item'
1210 4282 1291 4364 lego
1317 4301 1438 4342 manu·

328 4382 478 4465 tergium
496 4381 594 4444 altari
612 4383 710 4445 beate
730 4382 840 4445 MarIe
863 4382 897 4444 in
922 4384 1066 4465 capella.
1118 4374 1206 4453 Itet'm
1232 4381 1277 4445 do
1301 4393 1333 4444 et
1357 4381 1437 4463 lego

324 4481 507 4566 jstepeled
532 4482 644 4547 Alicie
666 4481 736 4546 filie
758 4503 832 4546 mee
854 4494 887 4545 et
909 4494 987 4564 post
1010 4470 1194 4546 decessurl'n
1221 4480 1333 4544 Alicie
1358 4482 1437 4562 lego

334 4600 405 4661 ‘In—¹
419 4635 478 4682 The
491 4633 549 4682 leaf
558 4634 580 4680 is
593 4598 766 4695 caten-auum
779 4642 807 4680 at
821 4633 899 4680 these
912 4633 1013 4695 places.
1169 4584 1175 4633 Ι

390 4732 401 4752 ²
420 4726 448 4774 In
461 4742 477 4773 a
490 4725 612 4774 distoront
629 4725 701 4774 band
714 4736 740 4774 at
756 4725 802 4772 Ibe
815 4724 871 4774 foot
885 4724 914 4774 oI
925 4725 971 4771 the
984 4739 1065 4789 page,
1081 4723 1145 4771 witb
1158 4714 1193 4787 ἦ(
1207 4724 1248 4771 sor
1260 4740 1275 4770 a
1287 4724 1437 4773 reference-

327 4807 412 4853 mark.
