3392 5650
628 702 722 766 Acrs
745 718 790 767 or
814 701 993 769 CHAPTER.
1302 721 1365 786 229

257 882 377 946 eadem
397 902 457 966 per
475 887 621 945 mortem
635 881 761 966 ⁴Mag'ri
780 882 890 965 Joh’is
910 883 1053 947 Sendale
1072 883 1185 948 vltimi
1203 884 1364 949 Canonici

255 992 289 1050 et
302 985 516 1070 prebendarij
532 985 718 1049 eorundem
731 993 896 1050 vacantes
909 994 943 1051 et
956 987 1001 1051 ad
1017 987 1128 1052 n'ram
1143 988 1365 1053 collacionem

255 1091 355 1175 pleno
376 1092 448 1155 iure
468 1095 665 1174 spectantes
686 1089 811 1154 dilecto
832 1092 931 1155 nobis
952 1092 986 1156 in
1009 1092 1089 1176 Xpo
1110 1092 1179 1156 filio
1200 1092 1364 1177 Magistro

254 1195 347 1278 Joh'i
383 1194 547 1270 Shirwod,
583 1215 676 1259 sacre
711 1194 893 1280 Theologie
928 1196 1119 1279 professori,
1156 1196 1364 1261 contulimus

254 1299 384 1363 intuitu
409 1298 575 1373 caritatis,
602 1298 784 1383 ipsumque
809 1300 1014 1364 canonicum
1039 1307 1074 1364 et
1100 1300 1364 1384 prebendarium

254 1404 424 1468 dictorum
448 1404 679 1468 Canonicatus
702 1410 737 1467 et
761 1404 933 1487 prebende
956 1404 1171 1469 instituimus
1195 1412 1229 1469 et
1253 1405 1364 1469 inues-

255 1508 421 1572 tiuimus¹
442 1507 695 1592 presencialiter
714 1508 748 1572 in
768 1514 803 1571 et
820 1508 862 1572 de
879 1508 1016 1583 eisdem,
1034 1509 1140 1573 Vobis
1160 1509 1365 1574 mandamus
1461 1535 1465 1541 ·

256 1664 262 1677 .
286 1664 292 1677 .
316 1664 322 1677 .
344 1612 549 1697 assignando
572 1612 700 1694 (almost
719 1632 757 1676 as
776 1612 814 1676 in
834 1612 898 1677 No.
920 1614 1009 1695 310).
1058 1614 1140 1677 Dat.
1162 1619 1280 1678 nostro
1300 1615 1365 1677 sub

254 1716 362 1801 sigillo
382 1718 417 1781 in
437 1717 589 1801 hospicio
609 1722 727 1781 nostro
747 1737 854 1801 prope
873 1716 1015 1782 Westm.
1038 1718 1180 1793 situat0‚
1202 1718 1365 1783 vicesimo

253 1827 351 1885 sexto
385 1821 439 1885 die
472 1822 597 1886 mensis
631 1821 820 1905 Februarij,
849 1821 951 1886 Anno
984 1821 1066 1886 D’ni
1100 1822 1219 1886 Mill’io
1251 1833 1366 1887 0000Ιῐιο

254 1926 464 2010 sexagesimo
481 1932 590 2001 sexto,
609 1932 644 1989 et
661 1931 777 1990 nostre
795 1925 1033 1991 translacionis
1050 1947 1142 1991 anno
1158 1926 1319 1991 secundo,

343 2056 484 2119 Presens
507 2054 713 2119 mandatum
736 2061 810 2119 erat
833 2054 967 2119 editum
990 2055 1025 2119 in
1049 2055 1152 2120 domo
1175 2053 1365 2140 Capitulari

255 2160 319 2244 111]ο
354 2160 408 2223 die
444 2159 569 2224 mensis
605 2158 684 2242 Maij
723 2180 814 2224 anno
849 2158 1048 2243 supradicto
1084 2180 1144 2244 per
1179 2160 1365 2224 discretum

254 2265 367 2329 virum
392 2263 560 2349 Mag'rum
584 2263 721 2347 Joh'em
745 2264 877 2328 Saxton
901 2269 1159 2347 procuratorem
1181 2285 1282 2329 suum
1303 2285 1366 2349 pro

257 2390 297 2433 eo
316 2369 505 2433 admissum
524 2375 559 2432 et
578 2368 770 2433 inductum.

381 2510 468 2592 (327)
500 2508 707 2590 (Admission
731 2514 768 2572 to
791 2508 1043 2572 Clotherholme
1066 2508 1244 2591 Chantry).

342 2637 516 2701 Vniuersis
536 2637 568 2701 S.
591 2637 634 2701 M.
658 2637 697 2701 E.
719 2636 798 2719 filijs
818 2643 994 2721 presentes
1012 2637 1129 2701 literas
1148 2638 1363 2722 inspecturis,

255 2741 453 2827 Capitulum
497 2741 576 2806 eccl.
622 2741 717 2805 Con·
752 2741 877 2826 Ripon’
924 2742 1026 2806 Ebor.
1073 2741 1159 2806 dioc.
1205 2741 1362 2806 salutem.

256 2846 430 2911 Noueritis
452 2845 547 2930 quod
568 2867 630 2910 nos
654 2846 698 2910 ad
721 2846 920 2911 Cantariam
944 2853 1147 2931 perpetuam
1170 2847 1205 2911 in
1228 2847 1366 2931 Capella

255 2954 356 3016 beate
381 2951 486 3015 Marie
511 2950 659 3035 Virginis
683 2950 725 3014 de
749 2950 897 3015 Clother'
923 2957 1119 3015 nostrorum
1144 2951 1303 3035 territorij
1331 2957 1366 3015 et

255 3055 414 3140 parochie
451 3075 511 3139 per
546 3054 689 3119 liberam
726 3054 994 3139 resignacionem
1032 3054 1103 3119 d'ni
1141 3054 1252 3138 Joh'is
1289 3054 1365 3119 Goll

255 3160 433 3245 capellani,
465 3159 579 3223 vltimi
610 3158 811 3243 possessoris
840 3159 995 3223 eiusdem
1025 3165 1219 3233 vacantem,
1252 3166 1287 3223 et
1321 3159 1365 3224 ad

255 3264 548 3350 presentacionem
589 3262 733 3328 Gallridi
775 3263 904 3348 Pygott
942 3263 984 3328 de
1023 3263 1170 3327 Clother'
1208 3263 1363 3347 predict..

255 3369 383 3444 militis,
404 3373 630 3452 spectantem,
652 3367 747 3432 d’nm
764 3367 934 3431 Thomam
951 3367 1064 3431 Labra
1080 3366 1303 3451 Capellanum
1320 3367 1365 3432 ad

255 3473 400 3538 eandem
420 3471 618 3536 Cantariam
637 3491 697 3555 per
716 3471 864 3535 eundem
884 3470 1077 3536 Gallridum
1097 3471 1195 3535 nobis
1215 3470 1365 3556 legitime

256 3583 492 3662 presentatum
508 3576 720 3652 admisimus
737 3598 777 3661 ac
792 3577 906 3661 ipsum
921 3576 1144 3660 Capellanum
1159 3581 1364 3660 perpetuum

256 3681 468 3746 instituimus
484 3760 487 3765 y
502 3681 663 3745 canonice
698 3681 732 3745 in
767 3680 888 3744 eadem
923 3680 957 3744 in
992 3680 1103 3745 forma
1137 3679 1364 3745 ordinacionis

256 3786 407 3851 eiusdem
437 3785 596 3850 Canterie
626 3785 727 3860 facte,
759 3806 799 3849 ac
828 3784 976 3849 eundem
1006 3784 1102 3849 d’nm
1131 3784 1300 3848 Thomam
1329 3785 1364 3849 in

255 3891 465 3976 corporalem
484 3890 731 3974 possessionem
750 3889 841 3953 dicte
860 3889 1019 3954 Cantarie
1037 3910 1116 3954 cum
1134 3889 1204 3953 suis
1223 3889 1364 3973 Juribus

255 4003 290 4060 et
316 3995 439 4080 pertin.
467 3995 634 4059 uniuersis
661 3994 860 4059 induximus
886 3994 921 4057 in
948 3993 1078 4058 eadem.
1128 3994 1168 4058 In
1194 3993 1291 4058 cuius
1317 3993 1364 4057 rei

255 4100 492 4164 testimonium
511 4098 659 4183 sigillum
679 4104 836 4163 nostrum
856 4097 1071 4182 presentibus
1090 4104 1142 4161 est
1161 4118 1362 4181 appensum.

254 4205 335 4269 Dat.
373 4204 408 4268 in
443 4203 547 4268 domo
582 4210 701 4267 nostra
736 4201 919 4286 capitulari
954 4201 1116 4266 vicesimo
1151 4202 1274 4286 quinto
1309 4201 1364 4266 die

254 4308 370 4392 Marcij
392 4308 493 4372 Anno
511 4307 593 4372 D'ni
612 4307 754 4371 Mill'mo
773 4316 888 4372 ccccmo
906 4306 1117 4391 sexagesimo
1136 4327 1237 4371 nono.

431 4449 518 4532 (328)
547 4450 796 4514 Pnorssrncm
820 4448 976 4513 Wrm'nr
1003 4449 1190 4513 ΡοτΕΜΑΝ.

343 4581 383 4644 111
421 4580 485 4643 Dei
523 4579 671 4655 nomine,
710 4579 831 4643 Amen.
880 4578 1003 4643 Coram
1040 4577 1139 4642 vobis
1176 4577 1363 4642 venerabili

251 4685 412 4769 Capitulo
435 4684 514 4749 eccl.
541 4683 622 4748 Coll.
650 4685 831 4748 beatorum
857 4683 949 4747 Petri
974 4688 1008 4747 et
1032 4681 1179 4747 Willridi
1204 4682 1360 4766 Riponie,

321 4835 327 4858 ¹
349 4835 365 4854 “
375 4827 589 4877 Investituimus
601 4826 618 4846 ’'
633 4826 662 4873 in
675 4824 805 4890 previous
819 4823 975 4874 mandates.

1441 2062 1515 2120 1467.

1414 2127 1481 2190 May
1497 2140 1536 2175 12.

1442 2648 1516 2707 1469.

1414 2713 1483 2762 liar.
1499 2725 1541 2775 25.

1426 4597 1530 4655 Ι4780,

1413 4659 1481 4709 Mar.
1497 4675 1539 4722 29.
