3392 5650
576 674 671 739 Acrs
694 689 739 738 or
762 669 942 737 Cnnmen.
1251 687 1313 754 271

207 853 287 929 bris,
312 853 413 918 Anno
441 853 521 919 D’ni
549 853 691 918 Mill'mo
718 861 836 917 ccccm⁰
860 851 896 914 lx
923 855 1032 926 sext0,
1055 856 1089 913 et
1113 871 1204 915 anno
1222 850 1315 935 regni

208 957 310 1042 Regis
334 958 494 1022 Edwardi
518 958 634 1042 quarti
655 964 754 1022 sexto
775 977 885 1040 nuper
906 956 1133 1020 concessimus
1157 955 1316 1039 Capitulo

206 1060 285 1125 eccl.
319 1061 441 1146 Colleg.
474 1062 516 1126 de
552 1062 677 1145 Ripon’
710 1068 744 1125 et
773 1080 890 1124 eorum
917 1059 1166 1124 successoribus
1193 1060 1315 1142 imper-

206 1171 350 1249 petuum
382 1165 556 1249 quendam
584 1187 738 1230 annuum
769 1164 943 1229 redditum
974 1164 1091 1228 decem
1122 1185 1315 1229 marcarum

207 1271 257 1347 (os
275 1269 314 1333 in
333 1270 436 1335 Mem.
457 1270 549 1354 Rip,
571 1270 597 1346 I,
620 1268 810 1353 173-181).1

279 1490 281 1495 .
310 1435 397 1520 ffib)
428 1438 553 1522 (Royal
577 1437 703 1501 licence
728 1436 780 1499 ior
804 1435 978 1499 Sendale's
1003 1433 1198 1519 Chantry).²

206 1592 247 1656 93
267 1598 298 1641 v.
345 1579 536 1645 Edwardus
556 1580 620 1643 Dei
639 1600 709 1664 gra.
732 1577 950 1662 RexxAnglie
969 1583 1003 1641 et
1023 1578 1165 1642 Francie
1184 1585 1219 1643 et
1238 1579 1314 1644 d’ns

208 1685 382 1760 Hibemie‚
407 1686 567 1749 omnibus
591 1685 635 1749 ad
658 1705 745 1769 quos
768 1689 942 1767 presentes
965 1683 1061 1748 litere
1084 1685 1312 1767 peruenerint,
1375 1693 1377 1696 ’
1420 1688 1425 1697 ’
1481 1688 1484 1698 “

206 1790 364 1855 salutem.
413 1790 535 1855 Sciatis
560 1790 654 1874 quod
680 1810 721 1854 ex
747 1796 841 1853 certa
867 1789 1012 1853 sciencia
1037 1794 1071 1852 et
1097 1809 1190 1852 mero
1216 1797 1314 1853 motu

206 1894 342 1969 nostris,
359 1894 401 1958 de
415 1894 529 1979 gracia
543 1899 661 1958 nostra
676 1894 824 1978 speciali,
840 1900 875 1958 et
890 1894 934 1958 ad
949 1894 1086 1958 laudem
1101 1899 1135 1957 et
1150 1894 1314 1958 honorem

206 1997 270 2060 Dei
297 2004 332 2061 et
358 1997 501 2082 gloriose
528 1997 675 2082 Virginis
703 1998 808 2063 Marie
834 2000 955 2063 matris
982 2000 1063 2074 eius,
1092 1998 1314 2083 omniumque

206 2101 422 2177 Sanctorum,
471 2101 698 2165 concessimus
746 2110 780 2167 et
822 2104 1004 2174 licenciam
1051 2103 1207 2168 dedimus
1254 2124 1315 2187 per

205 2212 379 2290 presentes
397 2227 459 2290 pro
476 2206 575 2271 nobis
593 2212 627 2270 et
646 2206 759 2272 hered.
778 2210 871 2285 n’ris,
890 2215 1062 2293 quantum
1079 2209 1115 2272 in
1132 2209 1231 2273 nobis
1249 2215 1311 2285 est,

205 2312 357 2394 Johanni
380 2311 534 2387 Sendale,
558 2312 690 2387 clerico,
714 2313 879 2378 canonico
901 2312 991 2377 Eccl.
1016 2312 1097 2377 Coll.
1122 2312 1164 2377 de
1186 2312 1312 2397 Ripon'

202 2416 237 2479 in
261 2416 353 2480 Com.
379 2418 494 2492 Ebor.,
518 2417 611 2500 quod
634 2417 705 2500 ipse
727 2417 781 2481 vel
804 2423 1002 2497 executores
1024 2417 1087 2492 sui,
1111 2438 1171 2482 seu
1194 2438 1312 2482 eorum

204 2520 309 2605 aliqui
333 2520 388 2585 vel
412 2522 545 2605 aliquis,
571 2524 615 2586 ob
639 2522 820 2605 specialem
845 2522 1068 2586 deuocionem
1091 2543 1196 2606 quam
1221 2522 1311 2587 idem

204 2625 322 2708 Joh’es
341 2626 446 2690 habet
465 2627 510 2691 ad
529 2627 693 2691 Sanctam
712 2627 854 2690 Petrum
874 2632 908 2689 et
928 2627 1075 2691 Paulum
1094 2647 1134 2691 ac
1152 2633 1311 2692 sanctum

204 2730 410 2806 Wiliridum,
429 2752 535 2795 vnam
552 2732 744 2796 cantariam
761 2738 965 2816 perpetuam
982 2731 1024 2795 de
1041 2752 1111 2795 vno
1128 2731 1311 2815 Capellano

203 2842 370 2920 perpetuo
410 2837 528 2901 diuina
567 2838 601 2901 in
642 2838 733 2902 Eccl.
776 2837 859 2900 Coll.
901 2836 1056 2920 predicta
1095 2856 1156 2919 pro
1197 2837 1315 2902 anima

202 2940 286 3005 dicti
316 2940 484 3023 Johannis
514 2948 548 3005 et
578 2943 758 3006 animabus
782 2941 936 3006 omnium
965 2961 1027 3024 pro
1050 2941 1176 3024 quibus
1199 2942 1312 3007 dictus

203 3045 321 3128 Joh’es
349 3066 489 3110 exorare
518 3052 665 3122 tenetur,
696 3069 736 3111 ac
765 3046 946 3111 animabus
976 3045 1130 3110 omnium
1159 3045 1311 3112 fidelium

201 3150 454 3224 defunctorum,
481 3151 580 3215 iuxta
604 3151 859 3216 ordinacionem
884 3150 1037 3215 eiusdem
1063 3151 1232 3233 Johannis
1257 3153 1311 3216 vel

203 3262 427 3319 executorum
461 3276 600 3319 suorum
635 3263 695 3320 aut
729 3277 847 3320 eorum
881 3256 1073 3339 aliquorum
1107 3255 1161 3319 vel
1194 3277 1311 3322 eorum

202 3360 344 3424 alicuius
359 3360 394 3424 in
410 3361 475 3424 hae
490 3366 589 3444 parte
604 3360 798 3424 faciendam
813 3361 1027 3425 celebraturo
1042 3363 1308 3444 imperpetuum,

203 3464 324 3540 facere,
358 3465 513 3540 fundare,
547 3465 683 3550 erigere,
717 3464 880 3539 stabilire,
915 3470 950 3528 et
982 3484 1095 3528 creare
1128 3463 1244 3548 posset
1276 3473 1309 3531 et

203 3569 345 3652 possint,
360 3575 394 3633 et
407 3569 501 3652 quod
514 3569 608 3633 dicta
621 3569 783 3633 Cantaria
796 3569 831 3632 in
845 3568 935 3633 Eccl.
951 3567 1106 3651 predicta
1119 3567 1308 3645 fundanda,

202 3693 281 3737 cum
320 3681 444 3749 erecta,
485 3681 611 3749 creata,
653 3673 810 3749 fundata,
852 3678 887 3736 et
926 3672 1081 3737 stabilita
1120 3673 1233 3750 luerit,
1275 3681 1309 3739 et

202 3798 410 3842 successores
428 3778 480 3843 sui
498 3778 672 3862 Capellani
690 3777 849 3842 Cantarie
867 3776 956 3841 illius
974 3777 1043 3840 sint
1061 3798 1169 3841 vnum
1187 3798 1310 3862 corpus
1346 3849 1347 3852 Ἴ

202 3889 407 3966 perpetuum
427 3883 461 3946 in
481 3903 516 3946 re
535 3890 570 3947 et
585 3883 733 3956 nomine,
748 3903 787 3946 ac
803 3902 946 3965 persone
965 3882 1095 3945 habiles
1114 3887 1148 3945 et
1167 3903 1309 3966 capaces

202 3987 237 4051 in
261 3987 333 4072 lege
357 3987 401 4051 ad
426 3988 641 4072 perquirend.
669 3994 776 4051 terras
801 3993 835 4050 et
861 3992 1069 4062 tenementa,
1095 3986 1249 4052 redditus
1274 3996 1308 4052 et

202 4097 408 4156 annuetates
441 4092 475 4156 in
510 4092 611 4156 feodo
646 4098 680 4156 et
718 4092 960 4175 perpetuitate,
996 4091 1147 4155 tenenda
1179 4092 1243 4157 sibi
1274 4099 1308 4157 et

201 4197 451 4283 successoribus
480 4196 549 4260 suis
579 4197 843 4281 imperpetuum,
876 4196 1096 4280 habeantque
1126 4202 1160 4260 et
1192 4217 1309 4262 eorum

201 4301 346 4384 quilibet
365 4301 493 4364 habeat
512 4301 759 4381 successionem
778 4307 992 4385 perpetuam,
1013 4307 1048 4365 et
1066 4301 1160 4385 quod
1180 4303 1310 4385 primus

202 4405 405 4489 Capellanus
445 4404 604 4468 Cantarie
643 4406 795 4488 predicte
835 4407 870 4470 in
910 4406 1061 4470 Ecclesia
1101 4405 1143 4470 de
1183 4407 1308 4491 Ripon'

273 4609 280 4630 ¹
301 4603 333 4650 In
347 4617 374 4666 p.
394 4616 450 4664 173.
466 4603 514 4650 the
528 4603 581 4650 last
595 4602 681 4651 blank
694 4618 776 4667 space
789 4604 889 4652 should
903 4605 975 4652 have
991 4610 1005 4627 ‘¹
1016 4604 1164 4662 solucione,
1179 4606 1235 4655 in.’·'
1276 4609 1307 4656 In

200 4697 227 4746 p.
246 4696 302 4744 177,
318 4683 334 4730 l.
349 4696 374 4742 9,
389 4683 455 4730 read
471 4688 485 4704 ‘¹
496 4682 690 4740 antedietae¹¹;
711 4683 728 4731 l.
747 4696 785 4744 14,
803 4683 1001 4732 “remanent”

271 4778 280 4800 ²
300 4773 361 4822 Pat.
376 4775 393 4822 6
407 4773 458 4823 Ed.
474 4772 521 4828 IV,
536 4786 563 4836 p.
582 4786 602 4828 1,
618 4788 653 4821 rn.
670 4787 692 4835 3.
