3392 5650
406 724 470 808 278
691 725 771 818 Tne
795 724 951 788 Inonar
976 721 1222 785 Mnuuscmpr.

404 904 531 968 ibidem
549 904 740 989 assignatis,
759 904 815 968 Ca.
835 924 929 988 perp.
949 901 1047 966 Cant.
1066 920 1160 985 perp.
1180 899 1325 963 fundate
1342 898 1386 962 ad
1404 898 1513 961 altare

404 1009 505 1072 beate
519 1009 623 1073 Marie
638 1009 784 1093 Virginis
797 1008 831 1072 in
845 1006 928 1071 Alta
940 1006 1079 1090 Capella
1092 1006 1192 1069 beate
1207 1003 1312 1089 Marie
1325 1002 1514 1087 vulgariter

404 1121 605 1198 nuncupata
624 1114 683 1178 the
702 1113 800 1196 Lady
820 1112 930 1176 Loite.

494 1255 593 1329 Item,
618 1255 806 1319 secundum
829 1254 969 1317 stallum
994 1251 1183 1336 assignauit
1208 1250 1265 1315 Ca.
1292 1250 1390 1314 Cant.
1416 1269 1510 1333 perp.

404 1359 449 1423 ad
467 1359 575 1423 altare
592 1359 658 1424 S'ci
676 1358 781 1422 Tho’e
800 1356 948 1421 Martiris
966 1356 1120 1420 fundate.

407 1498 459 1584 (97
467 1503 511 1579 v.)
561 1498 661 1573 Item,
682 1496 825 1561 tercium
847 1495 987 1561 stallum
1010 1494 1198 1579 assignauit
1217 1494 1274 1558 Ca.
1296 1493 1394 1557 Cant.
1416 1513 1509 1577 perp.

404 1602 548 1666 fundate
585 1601 629 1665 ad
665 1601 773 1665 altare
809 1600 883 1665 S'ee
919 1599 1105 1664 Trenitatis
1142 1620 1183 1663 ex
1219 1605 1318 1683 parte
1355 1597 1511 1662 orientali

404 1706 555 1770 eiusdem
575 1705 722 1770 ecclesie.

494 1850 593 1923 Item,
621 1852 786 1932 quartum
813 1846 953 1911 stallum
981 1845 1174 1930 assignatur
1201 1844 1258 1909 Ca.
1288 1845 1387 1910 Cant.
1416 1865 1511 1929 perp.

405 1952 549 2018 fundate
568 1952 612 2016 ad
631 1952 738 2015 altare
757 1950 1014 2035 Assumpcionis
1033 1952 1133 2014 beate
1152 1949 1257 2014 Marie
1275 1948 1432 2035 Virginis

494 2095 593 2168 Item,
622 2093 784 2177 quintum
812 2093 952 2156 stallum
981 2090 1175 2177 assignatur
1202 2091 1258 2155 Ca.
1289 2090 1387 2155 Cant.
1417 2111 1511 2174 perp.

405 2199 549 2263 fundate
567 2198 602 2261 in
621 2198 749 2261 honore
768 2196 834 2261 S’ci
853 2196 1000 2261 wilfridi
1019 2196 1098 2281 Ep'i
1116 2203 1151 2261 et
1170 2196 1389 2261 Confessoris

494 2340 593 2414 Item,
624 2344 799 2402 statutum
828 2344 880 2402 est
909 2338 1004 2422 quod
1032 2338 1177 2423 quilibet
1207 2337 1513 2422 Capellanus'per-

404 2450 529 2528 petuus
554 2443 799 2527 cuiuscumque
824 2443 985 2507 Cantarie
1010 2449 1174 2528 perpetue
1199 2443 1351 2527 predicte
1376 2462 1514 2527 presens

404 2554 439 2611 et
463 2548 600 2612 iuturus
624 2547 762 2611 incedat
787 2546 822 2610 in
846 2546 1006 2611 omnibus
1030 2547 1301 2631 processionibus
1325 2546 1514 2611 secundum

404 2652 476 2717 eius
494 2652 740 2727 senioritatem,
761 2658 866 2735 prout
885 2652 1052 2716 hactenus
1071 2651 1198 2715 ibidem
1218 2651 1387 2715 vsitatum
1407 2657 1468 2715 est.

405 2843 493 2926 (360)
534 2843 698 2907 Srarurn
731 2842 999 2907 Cauonrconuu
1032 2844 1137 2909 Ecce.
1172 2843 1275 2908 Com.
1312 2843 1440 2908 Ruon'
1475 2861 1514 2907 m

445 2948 519 3011 SuA
543 2948 828 3012 Conuocncroue
852 2965 1033 3012 cenenum
1058 2965 1190 3012 minen
1215 2964 1324 3012 emm
1348 2966 1386 3012 m
1412 2966 1514 3012 Paus-

446 3069 555 3116 Eucm
573 3053 891 3117 Reveneumssmr
909 3071 947 3117 m
966 3051 1045 3116 Xpo
1062 3068 1187 3117 Parrus
1209 3069 1254 3114 ur
1278 3068 1410 3116 nomm
1436 3053 1512 3117 n'ru

445 3155 587 3231 Tuona,
624 3156 693 3220 Dm
731 3172 864 3220 canem
898 3155 1010 3220 Esou.
1047 3155 1337 3232 Ancnmmscopl,
1371 3156 1514 3221 Ausim

447 3260 632 3335 Pmnnns,
658 3276 703 3322 Er
726 3259 951 3324 Aeosronca
975 3277 1077 3324 surus
1101 3276 1240 3325 Lucan.

255 3427 330 3477 1504,
492 3414 663 3478 Vicesimo
676 3415 827 3479 secundo
843 3415 898 3478 die
912 3416 1037 3481 mensis
1053 3416 1145 3499 Maij,
1162 3418 1262 3487 Anno
1277 3417 1358 3481 D'ni
1373 3417 1515 3482 Mill'mo

191 3482 391 3620 ruffina
405 3518 680 3603 quingentesimo
712 3526 849 3602 quart0,
886 3520 921 3582 in
955 3519 1058 3583 domo
1091 3520 1272 3603 capitulari
1306 3521 1396 3586 Eccl.
1431 3521 1513 3586 Coll.

214 3643 326 3703 present
338 3639 366 3686 in
407 3622 543 3706 Ripon’,
567 3623 610 3687 M.
633 3623 788 3687 Andreas
809 3623 986 3698 Newman,
1010 3623 1258 3689 Prebendarius
1279 3625 1450 3708 prebende
1471 3626 1514 3690 de

201 3719 314 3822 Pffig
326 3705 380 3834 {lym
406 3727 546 3790 Sharow
557 3727 592 3791 in
605 3727 695 3791 Eccl.
711 3727 791 3792 Coll.
806 3728 971 3812 predicta,
986 3749 1026 3793 ac
1038 3727 1229 3793 Canonicus
1243 3729 1515 3794 Residenciarius

241 3853 339 3903 proxy,
406 3831 441 3895 in
465 3831 595 3906 eadem,
621 3832 664 3896 M.
692 3832 808 3897 Ric’us
834 3833 1097 3916 Bryndeholme‚
1123 3834 1348 3899 Decretorum
1372 3836 1512 3911 Doctor,

406 3935 597 4000 Canonicus
627 3942 661 3999 et
693 3937 942 4002 Prebendarius
972 3938 1014 4001 de
1046 3938 1208 4022 Stodeley
1238 3939 1273 4003 in
1304 3938 1435 4016 eadem,
1468 3939 1512 4004 M.

406 4040 556 4104 Thomas
582 4041 801 4117 Bakehowse,
829 4042 910 4106 Can.
938 4048 972 4106 et
1001 4043 1098 4108 Preb.
1126 4043 1297 4127 prebende
1325 4043 1367 4107 de
1395 4045 1514 4109 Stane-

407 4165 542 4229 wygges
578 4145 613 4210 in
649 4145 769 4209 eadem
806 4147 1039 4230 personaliter,
1075 4169 1114 4211 ac
1148 4148 1251 4212 ceteri
1284 4147 1446 4214 Canonici
1480 4155 1514 4213 et

408 4247 626 4332 Prebendarij
675 4250 927 4333 prebendarum
972 4251 1007 4315 in
1051 4251 1145 4316 dicta
1188 4253 1279 4317 Eccl.
1328 4252 1409 4318 Coll.
1455 4275 1516 4339 per
1600 4230 1605 4245 .

239 4345 343 4447 ἷξῑξξζζ
407 4359 655 4437 procuratores
704 4359 743 4416 vt
793 4374 908 4438 supra,
958 4362 1206 4438 comparentes,
1257 4357 1292 4422 in
1339 4359 1514 4442 presencia

207 4464 382 4526 Archbishop
409 4457 695 4522 Reuerendissimi
726 4458 761 4522 in
793 4459 874 4543 Xpo
905 4459 1014 4543 patris
1041 4466 1075 4524 et
1105 4459 1246 4536 domini,
1274 4461 1345 4527 d'ni
1371 4461 1512 4538 Thome,

192 4533 393 4648 ..inira
408 4561 472 4625 uer
509 4561 623 4647 gracia
660 4563 763 4626 ebor.
803 4563 1068 4648 Archimeam,
1108 4564 1228 4649 Angue
1268 4566 1438 4644 ramata,
1479 4573 1513 4633 et

200 4663 386 4739 oensentgrve
407 4666 603 4750 Apostolice
630 4666 719 4730 sedis
743 4667 857 4751 legati,
886 4689 965 4732 cum
996 4689 1163 4734 consensu
1189 4670 1314 4753 prelati
1343 4672 1513 4737 Reueren-

192 4733 241 4782 the
254 4732 394 4793 followmg
434 4770 440 4781 .
480 4769 486 4781 .
529 4769 535 4781 .
636 4768 642 4781 .
789 4770 795 4781 .
931 4772 936 4782 .
998 4773 1003 4784 .
1131 4773 1136 4784 .
1180 4773 1185 4784 .

226 4801 357 4849 statutes.
408 4770 537 4834 dissrmr
554 4776 662 4854 patus
679 4777 713 4834 et
730 4775 840 4835 tocius
856 4770 1005 4856 Capituli
1022 4773 1198 4849 antedrctr,
1212 4775 1362 4858 quedam
1378 4783 1514 4843 statuta
