3392 5650
355 702 418 787 198
638 702 717 765 Tur
741 700 898 764 luorrnr
921 699 1168 765 llnxuscmrr.

355 889 389 947 et
418 882 617 946 induccione
644 880 678 943 in
706 879 825 943 cadem
854 878 969 942 debite
997 870 1402 965 faciendatadimplenda
1432 884 1471 942 et

355 985 554 1070 optinenda,
578 991 613 1048 et
636 983 730 1069 quod
754 989 831 1067 post
856 982 1020 1066 premissa
1043 982 1091 1045 sic
1113 987 1210 1065 gesta
1233 987 1267 1045 et
1290 981 1473 1066 completa

355 1090 509 1154 cedente¹
556 1089 609 1152 vel
654 1087 839 1151 decedente
882 1087 974 1150 dicto
1016 1086 1097 1150 d’no
1142 1085 1239 1150 Ric'o
1281 1085 1474 1170 Capellano

355 1194 665 1278 quocienscumque
677 1191 974 1275 qualitercumque
986 1195 1020 1253 et
1033 1189 1321 1273 quandocumque
1333 1188 1471 1254 dictam

356 1298 547 1362 cantariam
570 1296 695 1361 futuris
718 1295 931 1378 temporibus
953 1300 987 1357 et
1010 1314 1132 1357 vacare
1155 1292 1346 1377 contigerit,
1370 1293 1472 1377 quod

186 1403 303 1478 §011001'0
358 1409 441 1467 tunc
472 1402 726 1485 imperpetuum
758 1399 844 1462 bene
875 1397 991 1462 licebit
1022 1397 1174 1481 capitulo
1205 1397 1317 1461 eccl'ie
1350 1396 1471 1481 Ripon

153 1471 335 1599 ’ῗῖζίἰεῖῗῖξίζί
358 1506 500 1590 predict.
517 1504 605 1568 inira
618 1524 769 1568 mensem
783 1502 1003 1566 vacacionem
1017 1501 1212 1565 huiusmodi
1226 1507 1353 1565 extunc
1365 1521 1469 1585 prox.

163 1602 308 1718 RC“9²'²‚²⁴¹⁰
358 1616 513 1694 sequent.
547 1628 655 1673 vnum
688 1607 872 1671 honestum
905 1605 1133 1689 idoneumque
1166 1605 1389 1689 Capellanum
1422 1604 1472 1668 ad

185 1674 329 1784 iiiia?
359 1713 477 1778 divina
497 1711 701 1777 celebranda
721 1717 755 1774 et
777 1710 843 1774 alia
864 1709 979 1773 debite
1000 1708 1273 1773 administranda
1293 1708 1337 1772 ad
1358 1707 1472 1772 altare

360 1817 425 1882 S’ci
450 1818 579 1881 Thome
604 1815 796 1899 predictum
820 1820 856 1878 et
880 1814 915 1877 in
939 1812 1079 1877 ecclesia
1103 1812 1289 1897 Collegiata
1312 1811 1472 1896 predicta

360 1921 516 1985 ordinare
530 1927 564 1983 et
579 1920 767 2003 disponere.
815 1918 866 1981 Ac
879 1918 926 1981 sic
940 1917 1099 1981 volumus
1113 1923 1147 1980 et
1161 1915 1359 1980 ordinamus
1372 1916 1471 2000 quod

360 2025 491 2089 dictum
520 2023 711 2107 capitulum
742 2022 866 2106 Ripon’
897 2020 1071 2106 perpetuis
1100 2021 1225 2085 futuris
1254 2020 1470 2105 temporibus

360 2130 489 2193 dictam
510 2128 701 2192 cantariam
722 2126 825 2190 cicius
846 2126 906 2189 vni
927 2126 1071 2190 honesto
1092 2131 1126 2189 et
1148 2125 1270 2190 idoneo
1291 2124 1478 2209 capellano.

360 2234 449 2297 infra
473 2232 591 2296 villam
616 2232 730 2315 Ripon
755 2231 809 2294 vel
833 2230 956 2294 saltem
981 2230 1070 2294 infra
1094 2229 1291 2313 parochiam
1315 2229 1470 2293 eiusdem

155 2333 346 2448 Ngi‘{‘.¹'³'c⁰'¹'g⁰
361 2337 505 2402 oriundo
539 2356 645 2420 quam
680 2341 778 2399 extra
813 2334 902 2398 infra
937 2354 1088 2397 mensem
1122 2333 1357 2418 supradictam
1394 2333 1467 2417 (sic)

196 2414 307 2529 {scindi
360 2442 463 2505 libere
478 2440 632 2504 conferat
648 2446 682 2503 et
698 2438 864 2502 admittat
880 2438 1026 2502 eundem
1041 2437 1256 2522 capellanum
1272 2458 1311 2501 ac
1325 2436 1471 2501 inducat

155 2532 336 2658 &⁶5:¹55ssssss
361 2566 420 2609 seu
445 2544 559 2608 induci
585 2544 690 2607 faciat
714 2542 876 2607 canonice
900 2542 935 2605 in
960 2541 1150 2629 cantariam
1175 2541 1365 2625 predictam
1389 2562 1470 2606 cum

361 2649 430 2714 suis
451 2649 581 2713 iuribus
602 2653 637 2711 et
658 2646 878 2731 pertinenciis
899 2646 1075 2710 vniuersis
1123 2646 1169 2709 Et
1190 2645 1228 2720 si,
1250 2645 1344 2730 quod
1365 2645 1469 2721 absit,

362 2753 493 2817 dictum
534 2752 724 2837 capitulum
768 2750 882 2834 Ripon
923 2750 1013 2813 infra
1062 2770 1213 2813 mensem
1255 2755 1290 2814 et
1333 2756 1472 2834 tempus

362 2858 555 2942 predictum
578 2857 642 2921 sibi
666 2856 880 2939 assignatum
904 2854 948 2918 ad
971 2854 1164 2919 conferend.
1190 2854 1293 2918 modo
1315 2853 1472 2938 predicto

362 2962 492 3026 dictam
513 2961 705 3025 cantariam
726 2959 951 3043 necligentem
973 2958 1043 3023 fore
1065 2965 1126 3023 aut
1147 2959 1324 3023 remissum
1345 2958 1380 3022 in
1400 2979 1472 3023 non

363 3065 569 3131 conferendo
620 3063 815 3129 huiusmodi
867 3063 1058 3127 cantariam
1109 3063 1243 3146 ydoneo
1294 3062 1473 3147 capellano

225 3170 277 3215 ΡΜ
316 3235 320 3242 ,
363 3171 541 3254 contingat
574 3169 607 3232 in
641 3169 807 3239 futurum,
841 3174 969 3231 extunc
1001 3167 1058 3231 illa
1089 3167 1299 3241 vocacione,²
1331 3172 1474 3251 propter

160 3235 337 3298 necgh'gcucru
442 3274 447 3284 .
539 3274 544 3284 .
651 3272 704 3283 ..
793 3272 799 3282 .
860 3272 865 3282 .
922 3271 927 3282 .
1005 3271 1011 3292 ,
1338 3271 1343 3282 .

190 3301 314 3364 cappan-
364 3274 605 3358 necligenciam
624 3273 706 3336 dicti
725 3271 867 3354 capituli
887 3271 1000 3355 Ripon
1017 3325 1023 3346 ,
1043 3271 1202 3335 volumus
1220 3277 1255 3335 et
1273 3270 1473 3335 ordinamus

149 3368 305 3483 mma
316 3436 351 3482 ad
364 3378 458 3462 quod
492 3377 577 3440 bene
611 3376 712 3440 liceat
746 3375 999 3440 venerabilibus
1032 3375 1114 3439 viris
1148 3375 1299 3460 capitulo
1333 3375 1473 3439 ecclesie

171 3501 328 3564 capitutum
365 3480 578 3546 Cathedralis
602 3481 705 3544 Ebor.
732 3480 821 3543 infra
844 3500 953 3543 vnum
978 3500 1139 3554 mensem,
1165 3479 1297 3544 dictum
1322 3470 1471 3563 tempus,

150 3568 247 3616 Mle
270 3568 348 3617 5⁰⁰7·
364 3586 499 3670 prefato
516 3584 675 3669 Capitulo
692 3584 816 3667 Ripon'
835 3583 880 3647 ad
896 3584 1140 3649 conferendum
1156 3583 1355 3658 limitatum,
1372 3603 1471 3667 prox.

364 3695 575 3773 sequentem,
611 3688 669 3751 illa
702 3688 777 3751 vice
812 3687 941 3751 dictam
976 3687 1166 3751 cantariam
1201 3687 1260 3751 vni
1295 3685 1474 3771 capellano

363 3793 499 3876 ydoneo
515 3799 549 3857 et
566 3794 721 3866 honesto
738 3798 778 3855 vt
795 3792 974 3875 prefertur,
991 3791 1108 3855 debite
1123 3792 1285 3866 conferre,
1303 3811 1343 3855 ac
1358 3791 1473 3875 ipsum

363 3897 577 3980 capellanum
601 3903 805 3981 perpetuum
828 3895 944 3960 induci
967 3895 1076 3959 lacere
1100 3895 1134 3959 in
1154 3894 1284 3971 eadem,
1305 3915 1383 3959 cum
1402 3895 1474 3960 suis

364 4001 494 4065 iuribus
522 4007 557 4064 et
586 3999 806 4084 pertinenciis
834 3999 1011 4075 vniuersiS,
1042 4020 1082 4063 ac
1110 3999 1341 4063 iuramentum
1370 4019 1473 4064 suum

364 4104 579 4169 antedictum
608 4104 642 4167 in
673 4104 784 4167 forma
812 4102 967 4186 predicta
996 4102 1142 4186 recipere
1172 4103 1213 4166 de
1243 4102 1373 4177 eodem,
1404 4102 1473 4168 alia

363 4228 581 4293 quacumque
597 4209 646 4293 (71
662 4209 706 4290 v.)
720 4227 762 4271 ex
778 4213 861 4270 tunc
876 4207 994 4270 futura
1009 4207 1099 4270 dicte
1114 4207 1273 4270 Cantarie
1287 4206 1473 4272 vacacione

364 4314 435 4377 iure
478 4312 684 4377 conferendo
727 4311 858 4375 dictam
901 4311 1100 4375 Cantariam
1143 4311 1305 4395 quociens
1348 4332 1473 4376 vacare

363 4417 555 4501 contigerit,
581 4423 615 4479 et
640 4415 707 4479 alia
731 4415 766 4479 in
791 4435 831 4478 ea
856 4420 954 4497 parte
978 4415 1151 4498 requesita
1175 4415 1332 4479 faciendo
1356 4421 1391 4479 et
1414 4436 1473 4480 ex-

364 4521 542 4605 pediendo
581 4520 674 4584 dicto
711 4519 871 4603 Capitulo
909 4518 1033 4601 Ripon’
1072 4519 1107 4582 in
1144 4519 1303 4583 omnibus
1339 4539 1474 4604 semper

363 4626 469 4702 salu0,
497 4646 537 4690 ac
562 4624 754 4709 specialiter
778 4629 953 4688 reseruato
979 4622 1014 4687 in
1039 4623 1109 4688 suis
1135 4624 1256 4688 robore
1281 4629 1316 4688 et
1341 4623 1473 4690 virtute

434 4785 442 4810 ¹
461 4780 518 4829 MS.
532 4780 583 4830 has
598 4776 763 4828 “sedente'’
849 4780 859 4802 ²
877 4775 934 4825 MS.
949 4774 999 4826 has
1014 4775 1215 4825 “vocacione’'
