3392 5650
364 708 406 786 36
638 706 721 770 Tru:
748 707 902 770 luortssv
929 706 1189 771 Munuscurrr.

363 903 427 945 sua
468 903 508 945 ac
545 881 647 946 ceteri
688 882 889 964 parochiani
930 882 1169 964 prenominate
1208 883 1288 947 ville
1328 883 1469 947 venient

363 983 520 1064 quolibet
554 1003 648 1045 anno
686 982 729 1045 ad
770 983 945 1046 matricem
986 982 1166 1046 ecclesiam
1206 1004 1304 1046 suam
1344 983 1468 1047 diebus

367 1082 563 1146 Dominicis
589 1103 630 1146 ac
657 1082 823 1146 omnibus
851 1082 929 1145 aliis
954 1081 1049 1145 lestis
1073 1082 1198 1145 debitis
1221 1095 1255 1146 et
1278 1082 1465 1146 consuetis

364 1182 420 1245 Ad
438 1182 501 1246 hec
518 1182 691 1265 predictus
714 1181 831 1265 Joh'es
848 1194 881 1246 et
902 1182 1016 1245 hered.
1037 1204 1064 1245 s.
1086 1181 1217 1264 prefato
1238 1183 1420 1264 capellano
1437 1195 1469 1245 et

363 1302 455 1345 succ.
475 1303 502 1345 s·
522 1282 713 1364 capellanis
731 1282 764 1344 in
783 1281 904 1345 eadem
922 1283 1055 1364 capella
1069 1281 1347 1346 ministrantibus
1364 1283 1468 1346 victui

363 1394 396 1444 et
424 1380 561 1445 vestitui
595 1382 788 1445 necessaria
820 1382 874 1444 vel
908 1402 969 1464 pro
1002 1382 1069 1444 hiis
1095 1395 1264 1463 quantum
1295 1382 1383 1446 inter
1410 1403 1469 1447 eos

363 1480 567 1545 conuenerit
582 1481 624 1545 de
642 1480 782 1563 proprio
798 1480 1042 1564 assignabunt.
1095 1482 1146 1544 lta
1165 1482 1258 1563 quod
1276 1482 1467 1565 capitulum

365 1580 554 1663 predictum
575 1580 607 1643 in
635 1582 731 1643 nullo
754 1594 937 1644 oneretur:
966 1580 1160 1644 Reddendo
1185 1582 1264 1645 inde
1288 1583 1467 1645 annuatim

364 1680 453 1744 idem
471 1680 588 1763 Joh’es
605 1680 724 1744 ether.
745 1702 772 1744 s.
793 1682 846 1744 vel
865 1680 919 1743 sui
941 1680 1111 1764 assignati
1139 1681 1239 1745 nobis
1263 1694 1296 1745 et
1320 1703 1411 1768 succ.
1434 1704 1465 1745 n.

363 1780 452 1844 duos
479 1780 610 1845 solidos
634 1780 769 1864 argenti
797 1780 841 1843 ad
870 1779 956 1844 festa
986 1780 1085 1843 Pent.
1112 1793 1145 1843 et
1169 1779 1238 1844 S'ci
1266 1782 1407 1844 Martini
1434 1783 1467 1844 in

363 1901 464 1964 yeme
503 1901 562 1963 per
600 1883 741 1962 equales
788 1880 970 1962 porciones
1018 1880 1285 1962 imperpetuum.
1359 1881 1402 1943 Et
1440 1882 1468 1944 si

364 1980 545 2063 contingat
562 1985 692 2062 (power
709 1992 744 2043 to
760 1980 904 2044 distrain
930 2001 968 2043 as
994 1980 1027 2041 in
1053 2000 1132 2043 case
1156 1978 1194 2042 of
1214 1979 1265 2043 St.
1289 1979 1470 2043 Micliael's

364 2081 498 2163 chapel,
518 2081 640 2157 above,
661 2100 693 2162 p.
716 2100 766 2156 21,
787 2080 870 2143 with
888 2080 1004 2143 verbal
1023 2078 1250 2160 differences).

453 2218 492 2279 ln
517 2218 617 2281 cuius
643 2217 689 2281 rei
714 2217 953 2281 testimonium
979 2228 1048 2279 tam
1076 2237 1268 2298 nosquam
1297 2217 1470 2299 predictus

363 2317 480 2402 Joh’es
498 2318 718 2400 presentibus
735 2317 873 2399 scriptis
891 2317 925 2378 in
945 2316 1086 2379 modum
1105 2314 1326 2400 Cyrographi
1347 2316 1470 2380 diuisis

363 2419 558 2482 alternatim
591 2420 710 2504 sigilla
743 2432 860 2483 nostra
891 2417 1133 2501 apposuimus
1199 2415 1279 2479 Hiis
1311 2416 1466 2492 testibuS,
1509 2456 1512 2462 ·

365 2517 510 2582 Simone
556 2518 700 2596 Warde,
751 2518 939 2583 Cristofero
984 2518 1189 2602 Maylloure,
1240 2516 1383 2600 Rogero
1429 2517 1470 2579 de

366 2618 513 2702 Hewyk,
564 2619 743 2695 militibus
792 2618 890 2703 Joh'e
936 2619 978 2681 de
1025 2616 1217 2693 Schirwod,
1263 2616 1390 2680 Rob’to
1428 2616 1469 2679 de

366 2717 612 2795 BrunhowseS,
647 2731 680 2783 et
710 2719 799 2782 aliis.
866 2720 945 2781 Dat.
981 2717 1073 2800 apud
1110 2716 1251 2801 Rypon’
1283 2717 1337 2780 die
1372 2717 1469 2779 Lune

366 2838 461 2899 prox.
497 2831 575 2901 post
609 2818 733 2883 festum
772 2818 1009 2884 Exaltacionis
1045 2816 1172 2882 Sancte
1208 2816 1340 2893 Crucis,
1375 2838 1468 2880 anno

368 2917 449 2980 D'ni
469 2918 658 2983 Millesimo
675 2933 773 2984 cccm⁰
788 2919 1086 3002 quinquagesimo
1104 2918 1226 3001 primo.

367 3098 413 3164 15.
756 3083 829 3145 H1c
854 3095 1074 3145 rucrmuur.¹

836 3205 996 3269 Snttnv.

454 3340 523 3420 (39)
548 3339 711 3420 (Licence
727 3341 779 3405 for
797 3342 934 3426 Sawley
952 3340 1096 3424 Chapel.
1148 3341 1287 3404 Printed
1307 3340 1393 3404 from
1413 3341 1469 3404 the

367 3439 516 3519 original
536 3440 568 3502 in
587 3440 693 3504 Mem.
715 3442 839 3523 Ripon,
863 3443 889 3519 l,
915 3444 983 3520 196.

368 3616 405 3682 15
419 3624 450 3667 v.
500 3602 569 3684 (40)
595 3602 753 3666 Snttnv.
804 3605 933 3685 (Adam
952 3603 1064 3666 Ward
1082 3615 1204 3687 grants
1223 3624 1269 3666 25.
1290 3605 1433 3688 ayear).

454 3712 575 3776 Sciant
607 3728 783 3796 presentes
814 3728 847 3779 et
878 3715 982 3777 futuri
1008 3714 1101 3797 quod
1125 3735 1193 3798 ego
1218 3714 1331 3777 Adam
1357 3713 1470 3777 Ward

367 3811 456 3889 dedi,
477 3814 644 3890 concessi,
665 3827 697 3878 et
715 3815 863 3896 presenti
889 3829 981 3878 carta
1006 3835 1083 3878 mea
1107 3812 1310 3876 confirmavi
1338 3814 1414 3877 Deo
1438 3827 1470 3877 et

367 3908 555 3975 Canonicis
572 3911 641 3976 S'ci
660 3912 817 3976 Wilfridi
835 3914 877 3977 de
893 3913 1011 3996 Ripon
1026 3913 1059 3975 in
1080 3934 1200 3996 puram
1219 3926 1252 3977 et
1269 3924 1468 3996 perpetuam

368 4011 607 4088 elemosinam,
650 4011 718 4096 ijs,
761 4012 1002 4095 percipiendos
1040 4013 1220 4076 annuatim
1265 4012 1306 4076 de
1346 4033 1400 4075 me
1439 4027 1470 4076 et

369 4110 554 4174 heredibus
598 4113 694 4189 meis,
743 4113 875 4176 scilicet
919 4112 962 4175 ad
1011 4112 1238 4176 Pentecosten
1286 4111 1468 4175 duodecim

368 4210 541 4288 denarios,
572 4226 604 4275 et
631 4213 674 4275 ad
707 4212 831 4277 festum
863 4213 931 4276 S'ci
963 4212 1103 4276 Martini
1133 4211 1361 4292 (duodecim)²
1388 4211 1465 4274 den.

368 4309 478 4373 donec
508 4310 687 4394 assignem
727 4312 857 4376 eisdem
897 4312 1074 4376 canonicis
1114 4311 1147 4372 in
1187 4323 1279 4374 certo
1315 4322 1348 4374 et
1378 4331 1471 4374 com-

370 4411 496 4491 petenti
524 4411 600 4473 loco
627 4411 670 4474 ad
702 4432 821 4475 eorum
853 4412 987 4475 libitum
1021 4411 1078 4474 vbi
1112 4410 1247 4492 possint
1279 4410 1468 4492 predictum

434 4565 440 4586 ¹
461 4560 607 4624 Referring
619 4570 647 4609 to
660 4563 706 4610 the
718 4562 849 4610 Charters
862 4564 921 4610 that
934 4563 1033 4611 follow.
1069 4562 1110 4610 All
1129 4563 1197 4611 from
1214 4563 1250 4611 fo.
1269 4578 1296 4626 15
1314 4572 1342 4611 to
1355 4564 1389 4612 fo.
1404 4566 1437 4626 46
1449 4567 1471 4612 is

368 4639 392 4685 in
406 4654 423 4685 a
435 4640 528 4700 larger
539 4640 593 4686 and
607 4655 682 4687 more
692 4648 733 4687 set
747 4641 818 4688 hand
833 4639 900 4688 than'
912 4643 958 4688 the
971 4640 1093 4704 Chapter
1103 4641 1177 4692 Acts,
1190 4657 1221 4689 as
1235 4641 1281 4690 isit
1297 4642 1350 4690 had
1365 4642 1468 4691 formed

368 4725 427 4778 part
441 4717 471 4763 ol
480 4734 497 4764 a
510 4717 664 4779 Curtulary.

432 4810 442 4833 ²
460 4808 581 4856 Omitted
594 4810 619 4855 in
633 4809 691 4858 MS.
