3392 5650
335 721 398 786 242
620 704 699 767 Tan
724 702 880 768 Iuouau
905 702 1152 768 Minuscanr.

337 881 425 966 (346)
480 883 710 947 Aucromms
763 898 1032 946 soinnurznnm
1087 897 1350 946 unnuuouruu
1403 899 1442 946 iu

379 986 542 1051 Cunnum
567 1002 778 1051 somusaca

422 1126 620 1211 Capitulum
665 1126 744 1191 eccl.
792 1124 874 1190 Coll.
922 1127 954 1190 b.
1003 1126 1095 1189 Petri
1142 1126 1267 1210 Ripon’
1315 1125 1444 1190 Rob’to

336 1230 548 1304 Castilforde,
581 1236 748 1315 perpetuo
774 1230 903 1294 vicario
934 1230 1105 1314 prebende
1137 1230 1178 1293 de
1212 1230 1376 1313 Stodelay
1409 1230 1443 1293 in

335 1335 466 1410 eadem,
491 1335 648 1399 salutem.
696 1336 743 1399 Vt
768 1335 803 1398 in
828 1333 966 1418 Capella
991 1333 1057 1399 S'ci
1082 1333 1192 1417 Joh'is
1218 1334 1377 1418 Baptiste
1401 1333 1443 1397 de

335 1440 513 1504 Thomton
536 1440 688 1503 n'rorum
712 1438 871 1522 territorij
898 1445 932 1501 et
956 1438 1115 1521 parochie
1138 1438 1216 1503 eccl.
1241 1438 1323 1503 Coll.
1348 1443 1443 1502 ante-

335 1543 437 1619 dicte,
457 1543 715 1608 matrimonium
734 1544 824 1607 inter
842 1543 979 1625 Joh'em
998 1542 1143 1626 Wythes
1161 1543 1203 1606 de
1222 1542 1444 1626 Thor(n)1ton

335 1647 476 1731 predict.
499 1648 746 1731 parochianum
767 1653 868 1711 tuum
888 1668 930 1710 ex
950 1668 1019 1711 vna
1040 1653 1138 1731 parte
1158 1653 1193 1710 et
1214 1648 1444 1729 Margaretam

334 1751 440 1815 filiam
458 1752 568 1835 Joh'is
585 1750 787 1815 Wallworth
804 1750 847 1815 de
864 1750 1043 1815 Thomton
1061 1751 1203 1834 predict.
1223 1751 1265 1815 de
1282 1750 1445 1835 parochia

334 1855 413 1920 eccl.
432 1855 506 1920 coll.
525 1856 678 1940 predicte
695 1876 736 1919 ex
754 1856 863 1919 altera
879 1862 978 1939 parte
994 1854 1086 1919 licite
1102 1854 1218 1919 valeas
1235 1854 1444 1919 solennizare

334 1961 362 2023 si
381 1960 521 2043 aliquod
541 1960 744 2024 canonicum
761 1959 1047 2043 impedimentum
1064 1981 1132 2023 non
1149 1960 1307 2034 obsistat,
1326 1965 1443 2023 tenore

333 2064 546 2148 presencium
573 2063 750 2128 licenciam
778 2064 997 2128 concedimus
1024 2064 1216 2147 specialem,
1246 2064 1329 2147 Jure
1358 2116 1364 2129 .
1396 2116 1402 2129 .
1435 2116 1441 2129 .

333 2168 436 2233 saluis
458 2169 507 2250 (as
526 2169 564 2232 in
583 2169 647 2233 No.
669 2170 757 2250 344),
807 2169 848 2232 In
867 2190 895 2232 c.
917 2189 942 2232 r.
965 2175 989 2233 t.
1010 2168 1070 2253 sig.
1091 2168 1158 2233 off.
1180 2167 1356 2233 Commiss.
1377 2168 1443 2232 n’ri

333 2273 548 2355 presentibus
579 2273 812 2355 apposuimus.
861 2274 941 2337 Dat.
976 2273 1009 2337 in
1041 2272 1095 2337 do.
1128 2272 1203 2336 n'ra
1232 2294 1282 2337 ca.
1316 2260 1441 2356 Ripon'

333 2377 426 2460 pred.
452 2377 487 2441 in
511 2377 599 2440 festo
623 2377 696 2441 S’ce
721 2376 901 2441 Trinitatis
924 2376 1026 2441 Anno
1052 2376 1133 2440 D'ni
1161 2376 1303 2441 Mill’mo
1329 2387 1444 2440 cccc⁰²⁰

333 2481 603 2565 Septuagesimo

336 2635 423 2717 (347)
477 2636 708 2699 Aucaomms
760 2651 1032 2699 socruuiznnni
1084 2636 1354 2699 Mnuuuoiuuu
1403 2652 1442 2700 ni

377 2756 549 2803 necinsm
573 2756 784 2804 nomusacn.

421 2882 619 2966 Capitulum
646 2881 730 2961 eccl.
754 2881 835 2946 Coll.
864 2884 897 2946 b.
927 2882 1019 2946 Petri
1047 2882 1171 2965 Ripon’
1200 2883 1335 2947 Vicario
1362 2883 1440 2947 eccl.

332 3006 404 3069 par.
429 2986 471 3050 do
494 2986 652 3070 Topclyff
674 3007 777 3069 super
799 2985 918 3061 Swale,
942 2985 1099 3050 salutem.
1147 2987 1194 3050 Vt
1218 2987 1252 3051 in
1275 2987 1355 3052 eccl.
1381 2994 1444 3052 tua

332 3091 519 3174 parochiali
547 3091 808 3155 matrimonium
832 3091 923 3155 inter
946 3090 1114 3155 Rob'tum
1142 3091 1377 3176 Houyngham
1401 3091 1443 3156 de

306 3222 308 3226 ’
333 3194 489 3258 Disforth
514 3195 762 3278 parochianum
788 3200 889 3258 tuum
914 3215 956 3258 ex
975 3216 1045 3258 vna
1070 3201 1178 3279 parte,
1200 3202 1234 3259 et
1261 3196 1443 3260 Isabellam

334 3298 450 3383 Burgh
470 3298 512 3362 de
532 3298 669 3381 Ripon',
690 3298 935 3382 parochianam
957 3305 1122 3373 nostram,
1143 3319 1185 3362 ex
1205 3300 1313 3363 altera
1332 3306 1441 3384 parte,

332 3401 424 3466 licite
447 3401 562 3466 valeas
586 3402 805 3477 solennizare,
828 3409 945 3467 tenore
967 3403 1180 3486 presencium
1200 3404 1445 3469 auctoritatem

332 3511 486 3570 nostram
529 3513 564 3569 et
607 3505 796 3590 plenariam
839 3506 1042 3571 facultatem
1086 3507 1150 3571 tibi
1192 3508 1443 3574 committimus

332 3609 524 3694 specialem,
565 3610 593 3673 si
631 3610 771 3694 aliquod
807 3611 1093 3694 impedimentum
1131 3612 1334 3676 canonicum
1374 3634 1444 3678 non

332 3715 489 3778 obsistat.
537 3714 620 3797 Jure
641 3767 647 3779 .
670 3767 676 3778 .
700 3767 706 3778 .
727 3714 831 3778 saluis
853 3716 902 3797 (as
920 3715 959 3779 in
977 3715 1041 3780 No.
1062 3716 1152 3799 344).
1201 3716 1288 3781 Inc.
1310 3737 1335 3782 r.
1357 3723 1382 3782 t.
1405 3770 1442 3784 ..

332 3819 554 3902 apposuimus
575 3819 625 3900 (as
641 3818 679 3882 in
697 3818 760 3884 No.
781 3818 869 3901 346).
918 3819 999 3884 Dat.
1019 3820 1126 3884 indo.
1146 3820 1221 3884 n’ra
1238 3820 1294 3885 Ca.
1315 3821 1441 3905 Ripon.

332 3922 474 4006 predict.
507 3922 658 3987 secundo
689 3923 743 3986 die
774 3923 899 3987 mensis
930 3923 1141 4007 Septembris
1171 3924 1272 3988 Anno
1303 3926 1443 3990 Domini

332 4025 474 4091 Mill'mo
492 4037 607 4091 ccccm⁰
625 4027 889 4111 septuagesimo.

333 4177 384 4254 83.
435 4180 523 4263 (348)
547 4182 756 4245 Oamnncio
779 4198 967 4245 eruemur
990 4181 1348 4248 Cincinnnatus
1371 4185 1441 4250 S’c1

375 4284 506 4367 Jncom
531 4302 569 4349 iu
593 4301 765 4348 accissm
788 4284 1016 4350 Conunomm
1039 4286 1168 4350 Ripon'
1194 4304 1374 4353 eunome,

186 4462 260 4512 1407·
419 4426 560 4490 Printed
580 4426 668 4490 from
687 4426 746 4490 the
765 4433 844 4511 part
864 4426 899 4491 ol
919 4427 977 4491 the
996 4427 1178 4492 indenture
1197 4429 1259 4493 leit
1278 4430 1362 4493 with
1382 4433 1442 4495 the

144 4543 282 4592 collation
330 4528 490 4614 Chapter,
510 4530 545 4594 in
570 4531 673 4595 Mem.
696 4531 820 4614 Ripon,
845 4532 872 4606 1,
895 4530 968 4607 162,
989 4531 1100 4596 where
1124 4554 1169 4597 on
1193 4553 1225 4616 p.
1250 4533 1363 4610 162,1.
1387 4555 1439 4620 19,

142 4610 285 4725 Wiffing·
329 4634 410 4698 read
430 4635 450 4658 “
466 4634 600 4698 noverit
613 4634 653 4710 '’;
672 4655 723 4728 ¹on
743 4655 775 4718 p.
799 4634 872 4715 163,
893 4634 914 4700 l.
936 4652 988 4711 20,
1010 4636 1091 4700 read
1111 4637 1130 4661 “
1147 4636 1325 4704 feodorum
1338 4639 1378 4715 ’';
1403 4661 1437 4726 p.

398 4790 406 4812 ¹
425 4785 483 4837 Not
495 4786 524 4835 in
537 4785 594 4836 MS.
