3392 5650
601 674 695 739 Acrs
719 691 764 738 os
788 673 967 739 eumen.
1278 673 1342 757 287

319 854 554 920 Concessimus
586 855 725 938 insuper
757 861 792 918 et
824 874 885 938 per
917 861 1091 938 presentes
1124 854 1345 919 concedimus
1388 857 1534 934 Mofeover

232 959 342 1023 eidem
363 960 592 1024 sacratissime
612 966 726 1023 vestre
747 960 924 1043 magistati
945 966 985 1023 vt
1007 960 1041 1023 in
1063 960 1220 1044 qualibet
1241 959 1346 1022 missa
1360 924 1560 1056 thacthqpqqpry

232 1062 421 1148 Capitulari
453 1065 497 1129 ad
530 1064 669 1148 aliquod
702 1064 810 1127 altare
842 1064 980 1128 ecclesie
1011 1070 1128 1128 nostre
1160 1063 1346 1148 Collegiate
1425 1073 1498 1108 mass

233 1168 407 1233 antedicte
421 1189 481 1252 per
495 1169 644 1253 aliquem
659 1174 816 1232 nostrum
831 1168 886 1232 vel
900 1189 1133 1234 successorum
1148 1174 1345 1233 nostrorum

235 1278 296 1337 aut
321 1274 471 1358 aliquem
496 1273 706 1338 Canonicum
731 1273 940 1338 confratrem
966 1279 1124 1337 nostrum
1150 1274 1222 1337 siue
1247 1273 1345 1337 mini-

234 1383 345 1442 strum
369 1398 622 1462 quemcumque
647 1377 863 1452 celebranda,
889 1378 1010 1442 statim
1036 1384 1114 1461 post
1140 1378 1346 1443 fraccionem
1381 1377 1467 1490 fastef
1481 1379 1529 1427 the

235 1482 345 1546 hostie
366 1490 401 1547 et
422 1482 703 1547 decantacionem
725 1483 779 1546 vel
801 1482 986 1547 leccionem
1009 1483 1073 1547 Per
1094 1483 1211 1547 omnia
1232 1483 1346 1547 secula
1360 1448 1500 1569 thffssssg't']
1507 1448 1561 1562 {³121

235 1588 436 1662 seculorum,
459 1594 494 1651 et
516 1593 597 1651 ante
620 1587 876 1651 incohacionem
899 1587 972 1650 Pax
998 1587 1147 1662 Domini,
1172 1588 1346 1651 celebrans
1379 1579 1451 1692 ff
1466 1580 1490 1627 P
1489 1596 1517 1695 θζ

235 1691 307 1775 ipse
339 1713 409 1756 vna
440 1713 519 1756 cum
552 1692 615 1755 sibi
650 1692 890 1755 assistentibus
922 1692 1087 1756 ministris
1120 1692 1210 1755 inter
1242 1712 1278 1755 se
1311 1697 1345 1755 et
1372 1661 1551 1763 ‘aniiuiiereoie'

237 1796 360 1860 chorus
402 1783 557 1860 similiter
599 1801 802 1879 prostratus,
846 1796 935 1859 inter
976 1816 1011 1859 se
1054 1816 1117 1879 pro
1159 1796 1269 1860 salute
1311 1801 1345 1859 et
1368 1780 1552 1897 homnine

236 1901 473 1966 incolumitate
494 1922 534 1966 ac
554 1921 716 1985 prospero
736 1907 771 1964 et
792 1900 880 1964 felici
901 1906 997 1964 statu
1017 1901 1211 1985 magistatis
1231 1905 1346 1964 vestre
1390 1888 1531 1993 celebrent

237 2006 377 2091 singulis
416 2006 536 2071 diebus
574 2005 690 2090 quoad
728 2004 883 2069 uixeritis
922 2005 1072 2088 psalmos
1111 2011 1146 2068 et
1184 2005 1347 2089 suffragia
1382 1983 1542 2098 ῒᾛῖξζῇξῇ

236 2111 418 2195 sequeneia
430 2111 545 2175 dicent
558 2116 593 2173 et
605 2111 729 2194 legent,
750 2110 920 2184 videlicet,
942 2109 1117 2174 Exaudiat
1131 2116 1165 2173 te
1179 2110 1347 2175 Dominus
1373 2129 1443 2179 pray
1457 2116 1499 2165 ¹01
1513 2117 1555 2165 his

234 2214 269 2278 in
299 2215 353 2278 die
382 2215 626 2289 tribulacionis,
657 2220 691 2277 et
720 2220 844 2289 cetera,
875 2221 909 2278 et
939 2214 1110 2297 psalmum
1140 2214 1286 2278 Domine
1312 2214 1346 2278 in
1373 2184 1552 2299 goplqsseesqqte

235 2319 366 2384 virtute
396 2326 458 2384 tua
487 2319 655 2383 letabitur
683 2338 753 2393 rex,
785 2324 819 2381 et
849 2324 973 2394 cetera,
1003 2340 1083 2383 cum
1113 2339 1198 2383 vers.
1231 2317 1348 2382 Gloria
1388 2318 1465 2375 lives,
1470 2319 1535 2432 pne

237 2424 342 2499 Patri,
360 2430 437 2499 etc,
455 2424 550 2488 Sicut
567 2430 651 2497 erat,
668 2429 745 2497 etc,
760 2422 805 2487 ad
821 2422 924 2486 finem
937 2423 1117 2508 vtriusque
1130 2424 1263 2506 psalmi,
1278 2444 1348 2487 vna
1376 2390 1480 2515 pssqunqs
1490 2400 1551 2502 {sid

236 2549 315 2592 curn
354 2528 582 2611 Kyrielayson
619 2528 707 2611 xpel'
748 2527 876 2610 Kyriel.
925 2528 1029 2592 Pater
1059 2533 1175 2592 noster
1205 2534 1239 2591 et
1274 2528 1349 2591 Aue
1389 2520 1531 2583 suffragiis.

240 2632 357 2709 Maria,
390 2631 513 2696 deinde
544 2632 725 2696 Confrater
755 2638 872 2696 noster
894 2632 966 2696 siue
994 2632 1150 2696 Minister
1176 2633 1350 2697 celebrans

239 2736 340 2812 dicet,
361 2742 395 2801 et
411 2738 535 2801 chorus
550 2743 590 2801 vt
607 2737 710 2801 moris
727 2742 789 2811 est,
808 2737 855 2800 Et
871 2757 914 2800 ne
930 2757 992 2800 nos
1009 2736 1164 2812 inducas,
1179 2744 1244 2801 etc.
1285 2736 1351 2801 Sed

238 2841 345 2906 libera
362 2863 434 2916 nos,
453 2847 517 2906 etc.
566 2842 721 2926 Exurgat
742 2843 833 2905 Deus
852 2847 886 2904 et
904 2842 1115 2924 dissipentur
1132 2841 1260 2906 inimici
1277 2842 1349 2906 eius

239 2953 274 3010 et
298 2946 432 3031 fugiant
456 2947 516 3030 qui
541 2946 688 3010 oderunt
704 2966 783 3009 eum
800 2967 820 3009 a
840 2946 926 3010 facie
942 2946 1024 3021 eius,
1050 2946 1197 3010 Domine
1213 2947 1349 3010 saluum

240 3051 294 3115 fac
312 3071 425 3136 regem
444 3058 601 3114 nostrum
621 3051 809 3114 Henricum
826 3049 1020 3133 Septimum
1040 3056 1074 3114 et
1092 3051 1217 3115 exaudi
1233 3071 1295 3115 nos
1314 3051 1349 3115 in

240 3154 294 3219 die
319 3177 389 3240 qua
414 3154 687 3219 inuocauerimus
713 3161 758 3230 te,
785 3155 886 3218 mitte
912 3155 942 3218 ei
968 3155 1135 3219 auxilium
1160 3155 1202 3219 de
1228 3160 1350 3219 sancto

241 3267 276 3324 et
292 3260 334 3324 de
350 3260 443 3343 Syon
461 3264 556 3324 tuere
573 3279 661 3324 eum.
705 3260 791 3323 Esto
808 3259 837 3322 ei
856 3259 1002 3324 Domine
1019 3259 1121 3323 turris
1137 3259 1350 3325 fortitudinis

241 3386 261 3429 a
286 3364 371 3428 facie
396 3363 535 3439 inimici,
563 3363 676 3427 Nichil
701 3363 858 3448 proficiat
884 3364 1041 3429 inimicus
1066 3365 1101 3428 in
1126 3385 1176 3439 eo,
1203 3370 1237 3428 et
1263 3364 1351 3428 filius

242 3468 435 3553 iniquitatis
462 3489 531 3533 non
559 3473 712 3551 apponat
740 3488 862 3532 nocere
889 3469 928 3533 ei.
977 3468 1146 3533 Dominus
1173 3475 1351 3533 conseruet
1449 3543 1450 3546 Ἴ

242 3593 320 3637 eum
344 3578 379 3636 et
403 3572 555 3636 vivificet
579 3593 658 3636 eum
683 3579 717 3636 et
742 3573 885 3637 beatum
910 3574 1016 3637 iaciat
1036 3594 1114 3639 eum
1134 3574 1168 3637 in
1189 3579 1291 3649 terra,
1317 3579 1351 3637 et

242 3697 311 3740 non
339 3675 456 3741 tradat
483 3697 561 3742 eum
589 3677 624 3741 in
652 3678 805 3741 animam
832 3678 1048 3742 inimicorum
1076 3679 1157 3742 eius.
1207 3679 1352 3742 Domine

242 3780 304 3847 fiat
331 3802 400 3865 pax
428 3781 462 3844 in
489 3781 621 3845 virtute
649 3787 721 3856 tua,
751 3783 797 3845 Et
824 3782 1066 3847 habundancia
1098 3783 1144 3865 (in
1172 3783 1351 3866 turribus)¹

242 3885 320 3951 tuis.
368 3885 515 3949 Domine
538 3885 663 3949 exaudi
686 3886 879 3951 oracionem
902 3906 1026 3962 meam,
1050 3893 1084 3950 et
1107 3888 1236 3951 clamor
1257 3907 1353 3952 meus

242 3989 286 4054 ad
320 3990 392 4073 (te)¹
426 3989 554 4054 veniat.
603 3990 773 4053 Dominus
805 3991 994 4056 vobiscum.
1042 3992 1088 4055 Et
1120 4012 1198 4055 cum
1229 3991 1352 4075 spiritu

242 4100 313 4160 tuo,
360 4095 515 4160 Oremus.
563 4095 618 4158 Da
644 4115 831 4179 quesumus
858 4096 1076 4179 omnipotens
1102 4097 1196 4160 Deus
1222 4096 1353 4161 famulo

242 4204 303 4263 tuo
338 4199 422 4284 Regi
455 4205 573 4263 nostro
608 4199 757 4264 Henrico
791 4200 946 4284 Septimo
979 4201 1127 4265 salutem
1159 4201 1285 4265 mentis
1318 4208 1352 4266 et

242 4303 392 4388 corporis
420 4309 454 4367 et
483 4303 525 4367 de
554 4303 712 4369 hostibus
741 4305 967 4388 triumphurn.
997 4311 1037 4368 vt
1066 4305 1164 4369 bonis
1194 4307 1352 4390 operibus

242 4407 430 4472 inherendo
452 4413 513 4471 tua
535 4428 670 4492 semper
691 4415 864 4474 mereatur
886 4410 1101 4493 proteccione
1122 4410 1270 4486 delendi,
1293 4431 1353 4495 per

243 4512 337 4596 Xpm
354 4512 542 4576 Dominum
558 4518 725 4578 nostrum.
773 4512 859 4578 Cum
871 4534 952 4577 vero
965 4514 1010 4578 ab
1022 4515 1087 4578 hac
1099 4515 1173 4580 luce
1185 4515 1353 4600 migraue-
1388 4526 1454 4602 ‘And
1469 4525 1542 4603 after

242 4617 327 4691 ritis,
348 4622 476 4681 extunc
496 4617 531 4681 in
552 4617 646 4680 omni
668 4617 867 4701 supradicta
887 4618 991 4683 missa
1010 4618 1192 4703 capitulari
1212 4639 1272 4703 per
1291 4640 1353 4683 nos
1367 4593 1409 4640 ¹¹¹³
1422 4592 1516 4650 death,
1531 4608 1560 4641 ¹¹¹

1366 4660 1421 4707 like
1442 4674 1566 4709 manner.

243 4722 297 4785 vel
319 4721 469 4805 aliquem
491 4741 725 4786 successomm
747 4730 944 4787 nostrorum
967 4728 1027 4788 aut
1050 4723 1199 4807 aliquem
1221 4724 1353 4788 confra-

314 4879 323 4902 ¹
342 4873 470 4925 Omitted
482 4874 512 4924 in
523 4874 580 4925 MS.
