3392 5650
573 702 666 767 Acrs
691 719 736 766 or
759 700 939 768 Cuneran.
1250 715 1312 781 153

170 890 287 955 .61v.
340 884 427 965 (224)
472 882 651 946 Aumssro
704 882 881 945 Macusrm
934 880 1076 945 Smetri
1125 881 1313 945 Lescnoee
1400 962 1408 977 δ

246 1004 296 1051 AD
328 989 558 1052 Pnessanunn
583 1003 632 1049 oe
656 987 861 1051 sinuetur.

293 1128 471 1204 Ricardus,
497 1149 603 1212 perm.
631 1128 699 1192 diu.
727 1129 830 1192 Ebor
857 1128 958 1192 Arch.
985 1128 1084 1212 Angl.
1111 1149 1160 1212 pr
1187 1134 1221 1192 et
1246 1128 1310 1213 Ap
1363 1151 1464 1250 N1401

204 1234 272 1298 sed.
295 1234 385 1318 legat
388 1254 438 1308 uS,
460 1233 516 1297 dil
538 1231 583 1296 fil.
605 1231 686 1315 Cap.
708 1232 787 1297 eccl
809 1238 887 1296 nost
890 1252 924 1296 re
873 1232 1025 1296 tColl.
1048 1232 1138 1315 Rip,
1160 1253 1207 1296 sa
1228 1252 1311 1316 gra,
1326 1271 1398 1333 Abp
1363 1204 1515 1335 N⁰Vgsscrgpe

204 1344 238 1402 et
256 1339 332 1402 ben.
384 1337 473 1421 Quia
485 1358 547 1402 nos
560 1336 808 1401 Canonicatum
822 1341 857 1400 et
870 1336 1079 1420 prebendam
1092 1336 1134 1401 de
1148 1337 1186 1401 St
1172 1336 1313 1420 t·udelay

203 1443 238 1506 in
257 1442 336 1507 eccl.
357 1448 475 1506 nostra
493 1441 575 1505 Coll.
596 1440 689 1525 pred.
710 1463 784 1506 vac.
804 1447 839 1507 et
858 1441 902 1504 ad
921 1447 1075 1505 nostram
1093 1441 1313 1505 collacionem

204 1547 305 1631 pleno
342 1547 414 1611 iure
442 1551 639 1630 spectantes
664 1545 794 1630 Mag'ro
819 1546 977 1628 Lescrop,
1002 1546 1147 1628 Juniori,
1173 1545 1311 1619 Cleric0,

204 1650 413 1715 contulimus
453 1637 583 1714 intuitu
623 1649 788 1724 caritatis,
830 1655 865 1712 et
905 1649 1018 1733 ipsum
1058 1650 1092 1713 in
1132 1669 1313 1733 personam

206 1755 325 1819 Rob’ti
350 1754 563 1819 Woluenden
589 1754 743 1818 canonici
768 1753 906 1818 ecclesie
931 1760 1046 1818 nostre
1071 1754 1168 1819 Cath.
1196 1756 1312 1829 Ebor,

206 1866 368 1945 procurat
370 1860 436 1923 oris
469 1859 521 1923 sui
553 1858 644 1943 legit
636 1878 703 1921 rme
735 1858 769 1922 in
802 1856 867 1922 hac
899 1864 997 1942 parte
1029 1859 1156 1923 constit
1158 1858 1220 1933 uti,
1255 1878 1315 1942 per

205 1964 323 2030 birreti
370 1970 449 2028 nost
451 1964 479 2027 ιι
526 1938 751 2027 tradicionem
798 1963 1038 2027 inuestiuimus
1085 1963 1127 2028 de
1174 1963 1312 2038 eisdem,

205 2069 311 2134 Vobis
351 2067 558 2132 mandamus
597 2068 762 2153 quatinus
802 2068 891 2132 circa
931 2068 1104 2152 prefatum
1146 2068 1314 2153 Mag’rum

206 2173 421 2257 Stephanum
445 2171 580 2236 faciatis
603 2172 746 2236 vlterius
770 2178 804 2235 et
828 2173 1046 2257 exequamini
1070 2173 1104 2236 in
1128 2173 1192 2236 hac
1215 2178 1314 2256 parte

205 2277 299 2362 quod
328 2283 380 2341 est
409 2283 574 2341 vestrum.
622 2276 703 2341 Dat.
735 2276 769 2340 in
798 2277 951 2341 manerio
980 2283 1098 2341 nostro
1127 2277 1169 2342 de
1198 2278 1314 2362 Thorp

205 2383 305 2446 iuxta
339 2382 442 2445 Ebor.
480 2380 558 2463 xvj⁰
594 2380 648 2445 die
683 2382 808 2446 mensis
843 2381 1059 2457 Nouembris
1096 2382 1197 2447 Anno
1233 2383 1311 2447 D’ni

206 2486 385 2550 Millesimo
405 2497 523 2550 ccccmo
543 2485 664 2569 primu,
685 2491 720 2549 et
739 2493 855 2551 nostre
876 2486 1112 2553 translacionis
1132 2494 1267 2571 quarto.

295 2616 394 2680 Istud
415 2615 621 2679 mandatum
642 2616 708 2679 luit
728 2621 966 2699 presentatum
986 2615 1145 2699 Capitulo
1164 2616 1239 2679 xixo
1259 2616 1313 2680 die

204 2721 330 2785 mensis
367 2719 553 2785 Nouembr.
591 2726 626 2783 et
663 2719 717 2783 die
753 2719 911 2803 sequenti
948 2720 1014 2784 luit
1048 2720 1217 2785 admissus
1253 2742 1313 2804 per
1355 2726 1357 2729 ’

205 2831 473 2911 procuratorem,
520 2845 622 2909 super
665 2844 736 2908 qua
781 2822 986 2888 admissione
1031 2825 1153 2889 habuit
1198 2825 1314 2891 literas

205 2930 356 3015 Capituli
374 2930 409 2994 in
429 2930 549 2994 forma.

206 3099 293 3182 (225)
334 3098 513 3162 Apuissro
552 3098 685 3161 Mnc’ru
724 3096 883 3176 GeonmJ
924 3113 973 3159 ιιι
1011 3097 1225 3161 Monoecus
1263 3114 1311 3161 Ap

248 3204 479 3267 PREBENDAM
505 3219 554 3266 oe
578 3201 820 3266 (iuuenum.

292 3333 403 3417 Capit.
441 3332 520 3397 eccl.
559 3332 657 3396 Cath.
696 3333 799 3396 Ebor.
838 3329 917 3393 sede
953 3329 1241 3414 Archiepiscopali
1277 3337 1311 3395 et

203 3438 375 3502 decanatu
414 3436 565 3502 eiusdem
604 3436 820 3511 vacantibus
861 3433 994 3499 dilectis
1032 3435 1130 3499 nobis
1169 3435 1204 3499 in
1242 3456 1312 3520 xpo

203 3542 364 3626 Capitulo
380 3540 458 3605 eccl.
477 3540 558 3605 Coll.
579 3541 715 3625 Ripon’‚
733 3541 880 3604 salutem
897 3539 932 3603 in
949 3539 1039 3603 D’no
1055 3540 1309 3624 sempiternam.

204 3647 290 3711 Cum
328 3667 390 3710 nos
429 3645 616 3710 discretum
653 3645 767 3709 virum
805 3644 1009 3729 Magistrum
1048 3643 1230 3730 Georgium
1269 3646 1311 3710 de

204 3751 382 3816 Mondellis
395 3750 430 3814 in
443 3749 573 3833 phisico
586 3749 762 3813 doctorem
775 3749 820 3813 ad
832 3748 1043 3832 prebendam
1056 3748 1098 3812 de
1111 3748 1311 3832 Gyuendale

204 3855 288 3920 alias
309 3855 439 3919 dictam
462 3853 603 3918 Skelton
626 3853 660 3917 in
682 3853 761 3918 eccl.
785 3853 860 3918 coll.
883 3853 1038 3937 predicta
1060 3859 1253 3930 vacantem,
1277 3862 1311 3920 et

203 3959 268 4023 sibi
302 3979 362 4042 per
395 3957 718 4022 excellentissimum
752 3957 787 4020 in
821 3978 891 4041 xpo
925 3957 1113 4041 principem
1147 3964 1182 4022 et
1216 3958 1312 4023 d'nm

203 4067 360 4127 nostrum
380 4061 475 4126 d'nm
495 4060 683 4125 Henricum
703 4061 767 4124 Dei
785 4082 856 4145 gra.
879 4061 1007 4146 Regem
1026 4061 1124 4146 Angl.
1146 4062 1312 4127 illustrem
1347 4079 1444 4142 Henry
1459 4080 1489 4128 ιι

203 4167 339 4232 racione
358 4166 600 4250 temporalium
621 4166 945 4249 Archiepiscopatus
969 4165 1072 4230 Ebor.
1097 4167 1255 4231 vacantis
1278 4174 1313 4232 et

204 4272 238 4336 in
270 4271 430 4335 manibus
461 4271 531 4335 suis
563 4271 752 4346 existentis
786 4269 953 4334 donatam
985 4276 1019 4334 et
1051 4291 1246 4336 concessam
1278 4273 1313 4336 in

205 4397 386 4460 personam
416 4376 520 4440 Will’i
549 4376 591 4440 de
622 4375 729 4439 Ledes
760 4374 802 4439 de
833 4374 970 4458 Ripon’,
997 4360 1231 4459 'procuratoris
1261 4379 1313 4443 sui

203 4481 430 4545 sufficientem
451 4481 486 4544 in
508 4481 572 4544 hac
593 4472 692 4564 parte
713 4486 924 4564 potestatem
946 4481 1116 4557 habentis,
1139 4503 1179 4546 ac
1201 4483 1313 4566 ipsum

203 4591 461 4670 procuratorem
497 4605 559 4649 suo
594 4585 743 4665 nomine
767 4584 969 4648 admisimus
1004 4591 1038 4648 et
1074 4585 1313 4652 inuestiuimus

203 4690 339 4755 realiter
362 4690 404 4754 de
428 4689 556 4754 eisdem
579 4710 658 4754 cum
681 4690 751 4754 suis
774 4689 905 4753 iuribus
929 4695 963 4752 et
987 4690 1109 4774 pertin.
1134 4691 1312 4768 vniuersis,

203 4795 302 4860 vobis
344 4794 551 4858 mandamus
592 4793 758 4878 quatinus
798 4793 888 4858 circa
928 4794 1103 4878 prefatum
1144 4797 1313 4882 mag’rum
