3392 5650
579 705 673 770 Acrs
697 721 743 769 or
766 704 946 771 Cornan.
1255 670 1337 787 257¹

206 884 365 960 celebret,
402 883 561 948 videlicet
598 885 719 949 diebus
755 885 930 949 ferialibus
965 885 1086 950 missas
1121 885 1163 949 de
1199 884 1319 967 officijs
1362 904 1504 954 Dutiesor

206 995 422 1054 mortuorum
449 989 504 1052 vel
532 989 575 1053 de
602 990 696 1073 ferijs
724 996 786 1054 aut
815 989 911 1054 lestis
939 990 974 1055 in
1002 990 1197 1055 huiusmodi
1226 989 1319 1071 terijs
1362 971 1505 1036 Chaplain.

205 1094 485 1178 contingentibus
510 1095 561 1182 (87
581 1095 640 1176 vl,
658 1101 693 1158 et
710 1095 745 1159 in
761 1094 941 1159 dominicis
963 1101 998 1158 et
1020 1095 1054 1159 in
1077 1095 1172 1158 festis
1193 1114 1319 1158 nouem

205 1198 394 1263 leccionum
416 1221 456 1263 ac
475 1199 571 1264 festis
592 1199 790 1265 solennibus
806 1205 840 1262 et
861 1199 1107 1283 principalibus
1126 1198 1319 1281 duplicibus

205 1292 328 1366 missas¹
357 1302 399 1367 de
431 1304 627 1369 huiusmodi
659 1303 838 1368 dominicis
870 1324 910 1367 ac
941 1304 1019 1387 alijs
1049 1303 1190 1387 singulis
1221 1302 1318 1366 festis

205 1407 411 1490 supradictis
426 1414 529 1491 prout
544 1409 579 1472 in
594 1408 735 1473 ecclesia
750 1408 937 1492 parochiali
952 1408 995 1473 de
1009 1408 1115 1472 Wath
1129 1407 1316 1491 supradict.

204 1512 367 1576 celebrari
412 1512 562 1589 deberet,
613 1513 759 1577 dicendo
807 1512 948 1597 singulis
997 1513 1118 1577 diebus
1162 1512 1317 1596 qualibet

204 1616 400 1681 huiusmodi
421 1618 525 1681 missa
546 1638 608 1701 pro
629 1618 810 1681 animabus
826 1617 1044 1700 supradictis
1062 1618 1238 1682 oraciones
1255 1637 1317 1699 pro

204 1720 376 1784 defunctis
417 1722 611 1805 specialiter
651 1722 838 1797 ordinatas
882 1721 1045 1806 dicatque
1086 1722 1212 1786 cotidie
1254 1741 1316 1805 pro

203 1825 331 1889 eisdem
352 1826 533 1890 animabus
553 1826 718 1910 obsequia
739 1832 966 1901 mortuorum,
987 1826 1147 1890 videlicet
1168 1825 1315 1889 Placebo
1329 1844 1455 1900 placebo,
1465 1849 1517 1893 etc.

203 1935 238 1992 et
252 1930 368 2014 Dirige
382 1931 520 1995 tractim
535 1937 570 1994 et
583 1931 719 2004 deuote,
731 1929 796 1994 nisi
807 1930 896 1994 torte
907 1930 1023 2015 aliqua
1033 1951 1137 1995 causa
1150 1931 1313 2016 legitima,
1358 1912 1499 2027 uliirtrieie

203 2035 416 2099 cessantibus
444 2035 575 2112 fraude,
605 2035 695 2111 dolo,
724 2041 759 2098 et
787 2035 928 2099 ficcione
955 2036 1094 2120 grauius
1122 2036 1225 2100 tuerit
1253 2037 1315 2101 irn-

203 2138 351 2222 peditus
383 2140 546 2224 quodque
577 2140 668 2204 idem
700 2140 819 2223 Joh’es
849 2140 893 2206 de
923 2139 1074 2204 Threske
1104 2145 1140 2204 et
1170 2141 1314 2225 quilibet

202 2264 284 2308 suus
312 2265 485 2309 successor
513 2245 604 2309 dicte
632 2245 794 2309 Cantarie
823 2244 1028 2328 Capellanus
1056 2252 1242 2330 postquam
1271 2246 1316 2315 ad

203 2349 347 2413 eandem
369 2349 567 2414 Cantariam
589 2350 693 2414 fuerit
715 2349 886 2413 admissus
907 2355 941 2413 et
963 2350 1114 2435 legitime
1134 2350 1316 2414 institutus

203 2459 238 2516 et
262 2454 425 2518 inductus
449 2451 493 2519 in‘
509 2454 630 2519 eadem
655 2474 758 2538 super
782 2455 928 2518 eandem
953 2454 1151 2519 Cantariam
1176 2455 1316 2519 omnino

202 2558 427 2641 personaliter
452 2542 610 2623 resideat.
659 2560 706 2622 Et
731 2559 759 2621 si
786 2559 909 2642 aliquis
935 2558 1131 2623 huiusmodi
1157 2558 1317 2623 Cantarie
1351 2564 1377 2612 If
1389 2563 1505 2640 wilfully

203 2662 407 2745 Capellanus
423 2664 468 2727 ab
484 2662 681 2727 huiusmodi
698 2662 868 2746 personali
885 2662 1072 2727 residencia
1087 2664 1316 2748 quouismodo
1356 2631 1503 2751 afflssiig

202 2773 276 2831 arte
301 2767 356 2831 vel
382 2767 518 2852 ingenio
543 2768 579 2832 in
604 2768 762 2832 futurum
787 2767 982 2832 voluntarie
1007 2787 1043 2831 se
1068 2768 1314 2844 absentauerit,
1353 2766 1387 2812 ¹1⁸
1400 2779 1466 2840 may
1479 2763 1514 2811 be

202 2892 263 2956 per
283 2872 496 2937 ordinarium
517 2872 581 2937 loci
603 2872 748 2957 predicti
770 2878 1012 2937 ammoneatur
1031 2878 1066 2936 et
1088 2873 1252 2956 priuetur,
1271 2893 1316 2937 ac
1358 2832 1500 2896 deprrved.

202 2984 377 3042 ammotus
393 2985 427 3042 et
443 2978 601 3062 priuatus
618 2978 662 3041 ab
678 2977 753 3061 ipsa
769 2976 932 3041 Cantaria
947 2977 1021 3062 ipso
1038 2977 1131 3041 tacto
1147 2978 1317 3042 habeatur

202 3082 267 3145 nisi
284 3083 372 3146 torte
389 3083 478 3147 circa
494 3082 771 3166 prosecucionem
787 3102 889 3146 cause
905 3081 1092 3146 necessarie
1108 3102 1167 3146 seu
1183 3082 1313 3166 negocij

202 3186 347 3251 eandem
368 3187 528 3251 Cantarie
548 3185 784 3251 concernentis
805 3186 887 3250 alibi
908 3186 1011 3252 tuerit
1032 3192 1231 3270 occupatus
1254 3192 1316 3251 aut

202 3291 269 3355 alia
288 3312 392 3356 causa
410 3289 547 3356 notoria
565 3290 765 3356 racionabili
783 3296 818 3354 et
837 3290 1028 3355 necessaria
1046 3291 1279 3374 perturbatus,

289 3424 467 3488 Volumus
481 3425 595 3488 eciam
616 3421 711 3506 quod
729 3421 756 3484 si
775 3420 950 3505 predictus
969 3420 1087 3504 Joh’es
1105 3421 1147 3485 de
1165 3420 1315 3485 Threske
1329 3421 1355 3470 If
1374 3419 1521 3485 physicam

202 3526 257 3589 vel
270 3526 356 3590 alius
368 3546 451 3590 suus
463 3545 637 3590 successor
648 3525 858 3610 quicumque
871 3525 906 3590 in
920 3525 1142 3609 Capellanum
1155 3525 1315 3591 Cantarie
1357 3487 1503 3612 ἓξὲξξῖἓ

202 3630 355 3714 predicte
373 3631 599 3714 imposterum
617 3630 844 3715 perficiendus
863 3635 1006 3714 propter
1023 3630 1234 3694 infirmitatis
1253 3636 1315 3694 aut
1379 3640 1388 3645 '

202 3735 286 3798 senii
325 3734 540 3799 debilitatem
579 3756 639 3799 seu
678 3735 782 3800 aliam
820 3733 1066 3819 impotenciam
1105 3735 1222 3798 subito
1260 3735 1315 3799 vel

202 3839 407 3903 naturaliter
422 3839 682 3924 contingentem
698 3840 869 3904 celebrare
886 3844 1049 3923 nequeat,
1068 3845 1129 3903 aut
1147 3840 1175 3902 si
1192 3839 1315 3924 aliquis

202 3943 398 4008 huiusmodi
422 3943 626 4026 Capellanus
648 3963 709 4028 per
731 3944 899 4008 inuidiam
920 3943 1023 4008 fuerit
1039 3942 1237 4019 indicatus‚1
1255 3963 1315 4007 seu
1363 3962 1394 3996 or
1407 3948 1495 4024 under

202 4069 420 4133 quacumque
444 4049 511 4112 alia
534 4069 638 4113 causa
661 4049 728 4113 nisi
752 4049 855 4113 tuerit
879 4069 985 4113 causa
1008 4048 1131 4113 telonie
1154 4047 1314 4113 carcerali
1347 4019 1515 4130 acseaqqaqqn

202 4153 357 4217 custodie
379 4153 608 4237 mancipatus,
635 4153 691 4217 lta
713 4153 807 4237 quod
830 4152 941 4217 eidem
964 4152 1124 4217 Cantarie
1152 4172 1314 4236 persona·
1376 4148 1478 4211 telony,

202 4257 280 4322 liter
309 4257 478 4323 deseruire
508 4278 578 4322 non
608 4257 737 4343 poterit
768 4277 830 4341 pro
861 4263 1015 4340 tempore
1045 4277 1116 4342 quo
1146 4257 1264 4322 taliter
1293 4278 1314 4322 a

202 4361 433 4426 celebracione
478 4361 674 4427 diuinorum
719 4361 755 4426 in
800 4360 940 4445 Capella
985 4360 1141 4445 predicta
1186 4381 1317 4426 cessare

202 4466 428 4551 compellitur,
450 4467 666 4532 oracionibus
684 4467 811 4551 quibus
835 4465 964 4550 poterit
984 4465 1146 4530 deuocius
1165 4466 1314 4543 insistat,

174 4568 177 4572 ’
203 4578 238 4635 et
260 4572 302 4636 de
318 4570 456 4636 redditu
472 4571 627 4655 predicto
643 4571 741 4636 viuat
758 4569 842 4635 dum
864 4569 1089 4638 humanitus²
1111 4569 1153 4634 de
1175 4590 1216 4634 eo
1237 4591 1316 4634 con-

275 4714 282 4736 ¹
303 4711 436 4766 Accused,
450 4724 495 4758 see
509 4710 660 4772 Ducange;
681 4708 809 4772 literally‚
826 4709 969 4772 “pointed
984 4709 1042 4758 at.''

274 4809 284 4831 ²
302 4802 383 4850 Alter
396 4802 444 4850 the
457 4816 574 4850 manner
587 4801 617 4850 oi
628 4815 702 4850 men.

382 4896 419 4964 17
