3392 5650
579 730 671 795 Acrs
695 748 741 796 or
763 730 942 795 cmm.
1253 746 1316 815 197

208 906 365 971 dedimus
396 908 588 993 specialem,
621 915 756 974 statuto
788 910 943 994 predicto
975 930 1043 973 non
1076 910 1247 985 obstante,
1281 916 1315 973 et

207 1011 362 1075 nolentes
384 1013 478 1097 quod
499 1013 644 1097 predicti
666 1014 718 1078 W.
743 1013 775 1096 J.
800 1014 837 1078 T.
863 1013 894 1096 J.
919 1014 971 1078 W.
995 1014 1047 1078 W.
1072 1013 1123 1078 W.
1148 1019 1183 1078 et
1205 1013 1237 1095 J.
1261 1013 1316 1077 vel

207 1115 346 1179 heredes
388 1117 440 1181 sui
482 1123 543 1181 aut
585 1118 710 1200 prelati
753 1117 956 1202 Capellanus
998 1118 1052 1181 vel
1094 1116 1211 1200 vicarij
1256 1138 1316 1181 seu

207 1240 415 1284 successores
430 1220 483 1285 sui
500 1222 634 1285 racione
650 1222 775 1287 statuti
791 1222 936 1306 predicti
952 1242 1013 1306 per
1028 1242 1090 1285 nos
1105 1222 1160 1285 vel
1176 1220 1315 1285 heredes

206 1329 342 1387 nostros
370 1323 597 1406 Justiciarios,
628 1326 863 1401 EschaetoreS,
894 1326 1112 1390 vicecomites
1141 1330 1203 1390 aut
1231 1326 1315 1389 alios

206 1426 350 1492 balliuos
380 1449 440 1493 seu
469 1430 645 1494 ministros
675 1437 810 1495 nostros
840 1431 895 1494 vel
925 1430 1089 1494 heredum
1119 1436 1315 1494 nostrorum

206 1553 441 1617 quoscumque
469 1534 548 1597 inde
575 1535 845 1610 occasionentur‚
874 1535 1100 1599 molestentur
1125 1534 1160 1597 in
1187 1533 1313 1617 aliquo,

206 1656 266 1700 seu
278 1644 475 1721 grauentur,
490 1638 594 1702 saluis
608 1645 725 1703 tamen
738 1639 945 1722 capitalibus
958 1639 1047 1703 d'nis
1060 1638 1150 1704 leodi
1163 1638 1315 1721 seruicijs

206 1740 285 1804 inde
307 1741 433 1806 debitis
455 1749 489 1808 et
511 1744 693 1808 consuetis
742 1744 783 1808 In
805 1765 833 1808 c.
858 1764 883 1808 r.
908 1749 932 1807 t.
957 1743 1018 1807 has
1040 1743 1107 1807 litt.
1130 1742 1222 1807 n'ras
1244 1742 1315 1807 lieri

206 1845 349 1909 fecimus
378 1853 547 1931 patentes,
595 1848 695 1911 Teste
725 1848 856 1932 meipso
886 1847 980 1932 apud
1009 1847 1151 1912 Westm.
1183 1847 1315 1912 decimo

206 1949 260 2013 die
280 1951 440 2015 Octobris
461 1972 552 2016 anno
573 1952 666 2033 regni
687 1952 751 2017 n'ri
773 1951 986 2017 duodecimo

295 2128 356 2191 Pia
381 2128 567 2193 deuocione
591 2150 653 2213 pro
678 2129 933 2194 sustentacione
960 2129 1022 2212 (71)
1050 2129 1133 2193 dicti
1157 2129 1313 2213 perpetui

206 2232 379 2316 Capellani
424 2239 458 2297 et
503 2254 644 2298 suorum
687 2254 920 2299 successorum
964 2233 1228 2318 imperpetuum.
1275 2255 1314 2297 ac
1371 2279 1373 2283 -

118 2352 120 2355 ·
205 2337 470 2421 supportacione
499 2344 533 2401 et
562 2338 764 2402 inuencione
793 2359 935 2402 onerum
964 2338 1235 2422 subscriptorum
1264 2338 1313 2401 in-

205 2440 318 2516 terius,
351 2462 390 2505 ac
420 2462 461 2505 ex
492 2443 603 2506 causis
633 2443 816 2506 antedictis
846 2443 910 2506 rite
940 2442 1041 2505 iactis
1071 2448 1105 2505 et
1135 2441 1312 2517 ordinatis,

204 2545 368 2608 noueritis
395 2546 503 2610 eciam
530 2566 592 2610 nos
619 2546 661 2609 de
688 2546 828 2610 licencia
856 2546 981 2630 prefati
1008 2546 1079 2609 d’ni
1106 2546 1171 2609 n’ri
1199 2545 1311 2630 Regis,

203 2655 243 2712 vt
272 2649 451 2732 prefertur,
481 2670 521 2713 ac
549 2670 717 2714 consensu
746 2650 928 2714 voluntate
957 2655 991 2713 et
1020 2670 1160 2713 assensu
1188 2650 1313 2714 nostris

205 2753 365 2837 exprissis
386 2759 421 2816 et
445 2754 599 2818 omnium
622 2760 657 2817 et
681 2754 892 2839 singulorum
915 2774 1062 2838 quorum
1087 2753 1251 2817 intererat
1277 2753 1312 2817 in

204 2859 268 2922 hac
293 2864 391 2940 parte
416 2858 559 2933 dedisse,
585 2859 798 2933 concessisse,
820 2859 1018 2942 assignasse,
1045 2859 1137 2922 eth.
1164 2879 1197 2941 p.
1224 2879 1251 2922 c.
1278 2880 1312 2924 n.

204 2962 380 3046 tripartita
411 2963 629 3027 confirmasse
661 2963 734 3026 Deo
767 2962 1017 3046 Omnipotenti,
1050 2962 1313 3046 beatissimeque

205 3066 335 3150 Virgini
357 3067 472 3153 Mario,
495 3088 534 3130 ac
550 3067 658 3131 beato
678 3067 845 3142 Willrido,
868 3073 902 3130 et
923 3067 1004 3130 d’no
1026 3066 1122 3130 Ric’o
1142 3066 1312 3142 Tankerd,

205 3170 399 3255 Capellano,
432 3171 570 3255 suisque
602 3171 727 3236 futuris
758 3171 1008 3235 successoribus
1040 3170 1130 3234 dicte
1161 3171 1313 3234 cantarie

203 3274 405 3358 Capelianis
429 3275 550 3339 missas
572 3281 607 3339 et
630 3275 697 3339 alia
719 3274 837 3340 diuina
860 3275 971 3339 officia
992 3275 1247 3359 imperpetuum
1269 3275 1313 3339 ad

202 3377 310 3442 altare
341 3379 534 3462 predictum
560 3380 632 3465 ¹S'ci
663 3379 794 3443 Thome
824 3379 859 3443 in
890 3379 969 3443 eccl.
1001 3378 1156 3463 predicta
1187 3379 1312 3463 Ripon'

202 3481 357 3546 modoet
374 3483 485 3547 forma
503 3484 710 3567 supradictis
726 3504 805 3548 cum
821 3483 1063 3548 infradicendis
1081 3482 1311 3559 celebraturis

201 3591 334 3671 septem
357 3587 531 3672 mesuagia
547 3627 589 3634 -
606 3573 832 3672 lngerthorp¹
858 3588 960 3652 Ebor.
979 3587 1077 3662 dioc„
1096 3587 1255 3651 habenda
1278 3593 1313 3652 et

146 3751 149 3755 ,
202 3689 352 3755 tenenda
392 3712 454 3774 pro
494 3698 660 3775 perpetuo
699 3692 888 3757 secundum
926 3692 1047 3756 seriem
1085 3697 1120 3755 et
1159 3697 1312 3756 tenorem

203 3801 296 3858 carte
321 3795 421 3860 huius
446 3796 536 3859 facte
561 3802 595 3859 et
620 3795 777 3860 ordinate
802 3797 837 3860 in
862 3797 926 3861 boc
951 3816 1042 3870 casu,
1063 3795 1098 3859 in
1119 3795 1152 3859 li.
1177 3815 1250 3879 pur.
1277 3801 1312 3860 et

202 3918 295 3982 perp.
310 3898 350 3963 el.
367 3921 406 3963 ac
422 3920 484 3983 pro
496 3907 673 3984 perpetuo,
707 3900 874 3965 Volumus
887 3900 994 3965 eciam
1008 3907 1043 3964 et
1056 3899 1254 3964 ordinamus
1270 3921 1312 3964 ex

202 4003 260 4086 pia
278 4009 397 4067 nostra
416 4003 602 4068 deuocione
622 4011 656 4068 et
680 4004 790 4068 causis
816 4004 999 4068 antedictis
1022 4004 1064 4068 de
1089 4024 1255 4068 consensu
1277 4010 1311 4068 et

202 4106 383 4171 voluntate
404 4107 564 4192 exprissis
585 4109 739 4172 omnium
761 4114 801 4171 vt
822 4108 1019 4192 predicitur,
1041 4107 1136 4192 quod
1156 4108 1311 4191 prefatus

203 4211 279 4275 d'ns
310 4212 427 4277 Ric'us
450 4212 620 4287 Tankerd,
646 4212 860 4297 Capellanus‚
886 4212 930 4276 ad
959 4212 1088 4276 dictam
1120 4213 1310 4277 cantariam

202 4317 313 4399 primo
332 4337 392 4400 per
411 4338 473 4381 nos
492 4316 620 4381 Will’m
639 4317 681 4380 de
701 4317 836 4392 Cawod,
858 4317 995 4399 Joh'em
1015 4317 1120 4392 Deen,
1142 4316 1179 4381 T.
1201 4316 1234 4399 J.
1256 4317 1308 4385 W.

202 4420 254 4484 W.
281 4419 333 4484 W.
360 4427 394 4484 et
418 4420 451 4503 J.
477 4421 663 4485 venerabili
688 4421 848 4504 Capitulo
873 4421 951 4485 eccl.
978 4420 1059 4485 Coll.
1087 4421 1201 4505 Ripon
1227 4421 1310 4504 Jure

203 4524 277 4588 n'ro
301 4525 439 4608 proprio
464 4532 679 4609 presentetur
703 4546 765 4609 pro
790 4525 895 4609 ipsius
920 4525 1086 4609 capellani
1112 4524 1310 4591 addictam

203 4635 405 4712 perpetuam
429 4630 630 4704 cantariam,
655 4629 827 4694 Canoniea
851 4629 1056 4694 admissione
1085 4629 1310 4696 Institucione

275 4830 282 4852 ¹
302 4828 340 4876 As
354 4827 451 4884 above,
466 4842 493 4892 p.
511 4830 568 4890 196.
