3392 5650
343 702 408 770 260
630 705 708 770 Tua
734 705 891 770 Iuonar
915 705 1162 770 Manuscurrr.

129 895 228 971 ‘urben
239 895 316 944 there
429 886 608 952 Volumus
629 885 737 949 eciam
759 891 794 949 et
816 884 1025 959 ordinamus
1044 906 1084 948 ac
1100 904 1161 967 per
1181 889 1355 967 presentes
1376 901 1456 946 con-

127 976 327 1093 ’ῗῇᾙζζζζ
342 988 506 1063 cedimus,
535 989 630 1073 quod
656 990 969 1073 quocienscumque
992 995 1026 1053 et
1046 989 1336 1073 quandocumque
1362 986 1456 1051 dicta

128 1100 328 1160 aretopresent
343 1092 507 1157 Cantaria
534 1115 594 1177 per
620 1100 767 1158 mortem
793 1114 853 1158 seu
879 1094 1148 1178 resignacionem
1174 1092 1319 1177 predicti
1346 1090 1457 1174 Joh'is

128 1163 329 1277 tssgiepssffi.
344 1196 386 1261 de
408 1198 558 1261 Threske
579 1219 639 1263 seu
661 1198 801 1262 alterius
823 1199 1025 1263 successoris
1047 1198 1098 1262 sui
1121 1197 1275 1262 eiusdem
1297 1195 1457 1261 Cantarie

199 1310 257 1358 ary.
344 1300 518 1385 Capellani
550 1309 612 1366 aut
644 1323 762 1367 eorum
790 1302 943 1376 alicuius,
971 1303 1041 1366 suis
1073 1301 1248 1366 demeritis
1279 1301 1315 1365 in
1346 1300 1457 1364 forma

344 1406 499 1489 predicta
524 1407 668 1471 ammoti
691 1426 751 1470 seu
775 1406 914 1490 priuati,
939 1426 999 1471 seu
1021 1426 1241 1490 quocumque
1264 1405 1332 1470 alio
1354 1403 1458 1468 modo

345 1511 532 1586 vacauerit,
558 1512 651 1595 quod
676 1532 748 1586 nos,
774 1511 925 1586 heredes,
950 1511 1005 1574 vel
1029 1511 1194 1595 assignati
1218 1510 1328 1574 nostri
1352 1508 1458 1573 aliurn

345 1613 569 1698 Capellanum
591 1616 765 1699 ydoneum
787 1614 831 1679 ad
853 1615 997 1679 eandem
1019 1615 1217 1679 Cantariam
1238 1614 1328 1678 infra
1350 1633 1459 1677 vnum

345 1739 497 1783 mensem
530 1740 550 1782 a
583 1725 737 1802 tempore
769 1719 965 1783 vacacionis
998 1719 1150 1783 eiusdem
1182 1717 1460 1802 presentabimus

346 1824 410 1886 loci
435 1822 525 1887 illius
548 1824 732 1888 Ordinatio
761 1823 820 1907 qui
854 1843 916 1906 pro
946 1829 1101 1906 tempore
1133 1823 1247 1898 fuerit,
1274 1822 1460 1886 admitten-

347 1926 498 1991 dendum
524 1927 595 1991 tore
619 1934 653 1990 et
677 1928 712 1991 in
737 1927 861 1991 eadam
885 1928 1048 1991 canonice
1072 1927 1324 1991 instituendum
1347 1932 1382 1989 et
1409 1926 1461 1989 in-

348 2032 543 2096 ducendum
565 2038 600 2095 et
621 2032 736 2096 induci
756 2032 1006 2105 mandandum,
1024 2032 1112 2096 sicut
1129 2038 1333 2096 consuetum
1354 2036 1405 2094 est
1426 2035 1462 2094 et

347 2136 419 2201 fieri
451 2136 554 2201 debet
586 2137 620 2200 in
653 2136 728 2200 aliis
760 2136 935 2219 beneficiis
968 2136 1217 2211 ecclesiasticis,
1250 2136 1463 2219 vlteriusque

347 2240 543 2305 faciendum
575 2246 610 2303 et
642 2240 870 2304 exercendum
902 2240 997 2324 quod
1029 2241 1159 2304 iustum
1192 2240 1294 2304 fuerit
1327 2240 1362 2303 in
1394 2240 1459 2303 hac

187 2350 213 2399 lf
225 2350 274 2397 the
347 2351 455 2428 parte.
503 2345 549 2408 Et
564 2345 591 2408 si
606 2366 679 2419 nos
695 2345 846 2419 heredes,
862 2345 917 2408 vel
933 2345 1097 2429 assignati
1112 2345 1220 2409 nostri
1236 2344 1459 2428 Capellanum

131 2422 332 2533 paqgcqstgeg-
347 2448 521 2532 ydoneum
550 2449 595 2513 ad
624 2448 824 2513 Cantariam
853 2448 1044 2532 predictam
1073 2449 1107 2513 in
1137 2448 1279 2533 singulis
1308 2448 1460 2513 eiusdem

137 2550 326 2627 appoincthe
348 2552 507 2618 Cantarie
537 2554 780 2617 vacacionibus
811 2553 900 2617 infra
932 2574 1040 2618 vuum
1071 2573 1223 2617 mensem
1255 2576 1275 2617 a
1306 2560 1461 2637 ternpore

130 2622 333 2749 ιξρξξιῗέῗξρ
347 2657 541 2722 vacacionis
553 2657 705 2721 eiusdem
716 2658 751 2720 in
765 2658 876 2721 forma
890 2657 1044 2740 predicta
1057 2678 1125 2721 non
1138 2657 1460 2741 presentauerimuS,

167 2750 298 2868 ‘effiff
347 2783 406 2827 seu
430 2770 626 2846 presentare
650 2762 909 2847 neglexerimus
933 2762 1030 2827 Tunc
1053 2762 1225 2838 volumus,
1250 2762 1460 2837 ordinamus

274 2860 278 2873 '
347 2874 381 2931 et
401 2867 619 2932 concedimus
639 2888 699 2950 per
718 2873 903 2950 presentes,
924 2866 1018 2951 quod
1041 2887 1187 2950 persona
1206 2868 1359 2951 predicte
1379 2866 1459 2931 eccl.

346 2972 389 3036 de
406 2972 512 3035 Wath
529 2971 588 3055 qui
606 2991 668 3055 pro
685 2977 839 3054 tempore
857 2971 961 3035 fuerit
976 2971 1033 3035 illa
1049 2971 1124 3035 vice
1142 2978 1176 3035 et
1190 2971 1246 3035 illa
1264 2972 1459 3045 vacacione,

348 3076 438 3140 intra
475 3084 554 3140 octo
591 3076 664 3139 dies
701 3076 896 3159 predictum
934 3096 1087 3139 mensem
1125 3077 1325 3141 immediate
1362 3097 1459 3160 prox.

347 3187 554 3264 sequentes,1
579 3180 803 3264 Capellanum
826 3180 1001 3263 ydoneum
1025 3181 1070 3244 ad
1094 3181 1240 3245 eandem
1264 3181 1462 3246 Cantariam

348 3284 483 3368 pretato
510 3283 693 3348 Ordinatio
721 3290 895 3367 presentet
924 3284 1194 3361 admittendum,
1219 3292 1254 3349 et
1278 3285 1313 3350 in
1341 3285 1462 3350 eadem

131 3410 230 3472 saving
247 3410 334 3473 rights
349 3388 511 3452 Cantaria
543 3388 706 3452 canonice
740 3388 993 3452 instituendum
1026 3394 1061 3452 et
1095 3389 1339 3465 inducendum,
1373 3389 1462 3454 sicut

133 3477 333 3592 ξξῒῐιζῗξᾚέξ
349 3490 542 3575 predictum
560 3497 623 3566 est,
642 3491 739 3555 saluo
757 3511 892 3575 semper
909 3492 1010 3555 nobis
1027 3492 1210 3556 heredibus
1228 3499 1262 3556 et
1281 3493 1463 3578 assignatis

348 3596 474 3660 nostris
514 3596 548 3659 in
589 3594 655 3659 alia
695 3595 770 3659 vice
810 3602 844 3659 et
885 3596 1039 3660 eiusdem
1080 3596 1239 3661 Cantarie
1278 3598 1464 3663 vocacione

349 3719 567 3784 quacumque
582 3699 653 3763 iure
668 3705 787 3763 nostro
802 3700 887 3764 alias
902 3701 1124 3784 presentandi
1140 3701 1185 3765 ad
1200 3702 1345 3766 eandem
1360 3703 1464 3767 modo

163 3813 225 3861 And
238 3813 306 3861 irhe
350 3810 385 3868 et
407 3804 517 3867 forma
538 3803 693 3887 superius
715 3804 933 3887 expressatis.
981 3805 1028 3868 Et
1050 3806 1078 3868 si
1101 3806 1297 3870 huiusmodi
1318 3827 1464 3890 persona

170 3880 301 3995 {fififfctffg
350 3907 503 3992 predicte
535 3908 614 3971 eccl.
648 3906 691 3970 de
724 3907 830 3972 Wath
863 3909 923 3992 qui
956 3928 1019 3992 pro
1053 3914 1207 3992 tempore
1240 3910 1343 3975 fuerit
1375 3911 1464 3976 infra

153 4013 276 4090 chapter
287 4014 317 4062 οἱ
350 4011 523 4095 predictos
555 4017 635 4075 octo
667 4011 740 4074 dies
773 4012 887 4076 eidem
919 4033 1062 4096 persone
1096 4013 1130 4077 in
1165 4013 1275 4078 forma
1308 4014 1465 4098 predicta

138 4081 338 4210 ffissssssssff
351 4116 518 4180 limitatos
540 4115 764 4198 Capellanum
785 4115 961 4198 ydoneum
983 4117 1028 4180 ad
1050 4116 1249 4182 Cantariam
1271 4118 1465 4201 predictam

351 4225 391 4284 vt
415 4219 608 4303 predictum
632 4225 685 4283 est
709 4240 778 4285 non
798 4221 1060 4303 presentauerit,
1079 4241 1140 4286 seu
1164 4228 1362 4305 presentare
1386 4244 1465 4309 neg-

349 4325 481 4414 lexerit,
504 4330 588 4388 tunc
615 4325 667 4406 (88
686 4327 731 4402 v.)
760 4324 930 4401 volumus
954 4324 1165 4401 ordinamus
1188 4332 1222 4390 et
1245 4327 1466 4394 concedimus

351 4448 411 4512 per
434 4434 608 4512 presentes
630 4429 725 4513 quod
749 4429 950 4512 Capitulum
970 4429 1050 4494 eccl.
1072 4428 1154 4494 Coll.
1175 4431 1382 4514 supradicte,
1407 4433 1466 4498 illa

350 4534 425 4598 vice
443 4539 478 4596 et
497 4532 555 4596 illa
571 4534 766 4607 vocacione,
785 4533 875 4598 infra
890 4532 1087 4618 quindecim
1104 4534 1176 4599 dies
1191 4535 1365 4619 predictos
1383 4544 1466 4603 octo

350 4638 422 4702 dies
445 4637 644 4702 immediate
667 4659 764 4721 prox.
789 4644 946 4722 sequent.
972 4637 1197 4722 Capellanum
1221 4640 1396 4724 ydoneum
1420 4644 1465 4710 ad

423 4803 428 4824 ¹
448 4796 505 4846 MS.
520 4796 569 4842 has
585 4802 599 4817 ¹·
609 4797 770 4861 sequeute.''
