3392 5650
630 718 724 784 Acrs
747 737 793 784 or
816 718 994 784 Carmen.
1304 734 1366 801 149

260 896 440 974 lederetur,
471 898 712 983 Rectoresque,
742 898 880 983 Vicarij,
910 905 944 962 et
973 898 1029 963 alii
1057 898 1250 963 beneficiati
1278 896 1367 984 inira

260 1001 393 1066 dictum
418 1022 560 1087 regnum
586 1008 752 1078 nostrum,
779 1009 920 1088 propter
949 1003 1222 1067 subtraccionem
1252 1001 1367 1066 huius-

261 1106 354 1169 modi
375 1106 595 1182 decimarum,
617 1107 755 1171 solitam
776 1107 1049 1191 hospitalitatem
1071 1114 1195 1181 tenere,
1218 1105 1367 1170 decimas

261 1210 359 1274 nobis
377 1230 564 1286 concessas,
584 1232 623 1275 ac
642 1211 740 1275 nobis
759 1218 793 1276 et
812 1211 993 1275 heredibus
1011 1211 1136 1275 nostris
1154 1211 1367 1294 inposterum

260 1314 505 1390 concedendas,
525 1315 665 1391 soluere,
685 1322 746 1380 aut
764 1316 831 1380 alia
848 1336 962 1392 onera,
982 1322 1054 1380 tam
1073 1315 1244 1379 ordinaria
1260 1335 1367 1399 quam

261 1418 532 1483 extraordinaria
574 1420 701 1484 eisdem
744 1420 954 1485 beneficiatis
997 1419 1243 1494 incumbentia,
1288 1439 1366 1502 sup-

261 1529 398 1607 portare
418 1544 487 1588 non
507 1530 671 1607 poterunt
692 1530 731 1587 vt
753 1530 924 1599 tenentur,
947 1545 1076 1608 nosque
1097 1530 1131 1587 et
1152 1523 1208 1587 alii
1229 1522 1366 1607 patroni
1389 1515 1571 1630 Weoffifssd

261 1627 502 1691 beneficiorum
517 1628 749 1711 predictorum
764 1629 933 1693 iacturam
949 1629 1219 1693 aduocacionum
1234 1633 1365 1692 nostra·
1388 1654 1503 1713 patrous
1517 1646 1571 1697 win

260 1752 337 1795 rum
377 1732 619 1796 beneficiorum
660 1733 892 1815 predictorum
933 1733 1189 1809 incurreremus,
1231 1732 1366 1816 aliaque
1390 1716 1567 1831 suffirssgreat

261 1836 423 1919 dampna,
449 1837 551 1912 mala,
577 1843 612 1901 et
636 1837 838 1922 gravamina
863 1838 1124 1902 innumerabilia
1148 1837 1227 1901 inde
1251 1836 1366 1901 verisi·
1506 1820 1513 1840 ⁹

261 1942 386 2006 militer
413 1943 600 2017 euenirent,
630 1943 728 2007 vobis
756 1949 790 2008 et
818 1943 958 2007 cuilibet
990 1949 1145 2007 vestrum
1179 1941 1367 2006 districtius
1398 1949 1563 2024 westrictly

260 2067 330 2131 quo
358 2067 538 2130 possumus
566 2053 600 2111 et
628 2049 692 2112 sub
719 2048 999 2112 incumbentibus
1026 2047 1122 2132 penis
1149 2051 1184 2110 et
1211 2045 1368 2130 periculis
1381 2016 1580 2145 fggbfflyyfflnff

261 2151 481 2234 prohibemus
509 2171 551 2215 ne
578 2145 766 2236 quicquam
794 2152 829 2215 in
858 2152 1030 2235 premissis
1058 2151 1169 2215 colore
1197 2150 1368 2215 dictarum
1394 2148 1571 2263 intffirturdOf

261 2255 437 2319 literarum
460 2255 726 2340 apostolicarum
748 2256 842 2340 quod
865 2256 899 2320 in
919 2257 1026 2321 nostri
1048 2259 1287 2339 contemptum
1309 2274 1369 2318 seu
1414 2230 1557 2346 Apzssssiic

261 2360 485 2444 preiudicium
515 2364 577 2424 aut
606 2365 820 2425 statutorum
849 2361 963 2445 legum
992 2382 1052 2425 seu
1081 2359 1369 2425 consuetudinum
1383 2348 1584 2463 liiietresniottire

261 2464 354 2549 regni
384 2465 492 2529 nostri
523 2464 667 2548 predicti
698 2466 958 2529 eneruacionem
988 2485 1047 2529 seu
1078 2465 1156 2528 cleri
1187 2470 1221 2528 et
1252 2463 1369 2547 populi
1390 2430 1532 2545 prejudiii
1546 2481 1576 2531 of

262 2568 493 2652 predictorum
535 2570 804 2633 commocionem
847 2570 966 2633 cedere
1008 2569 1134 2652 poterit
1178 2567 1371 2652 aliqualiter
1394 2548 1577 2663 ffjv‘jssffl

262 2673 479 2756 attemptetis
505 2694 566 2737 seu
593 2674 795 2757 attemptari
823 2674 1012 2757 procuretis
1039 2672 1276 2757 quouismodo
1323 2672 1370 2735 Et
1384 2682 1477 2736 reatm,
1494 2682 1548 2730 ann
1565 2681 1586 2730 ir

262 2777 290 2841 si
307 2776 391 2862 quid
408 2797 468 2860 per
484 2798 547 2841 vos
564 2798 623 2842 seu
641 2777 791 2862 aliquem
809 2784 965 2843 vestrum
982 2778 1017 2842 in
1035 2778 1099 2842 hac
1116 2783 1214 2861 parte
1231 2776 1371 2841 minime
1408 2748 1566 2879 ἆζῖξῃῗζζθῗ]

263 2882 326 2946 rite
342 2886 593 2965 attemptatum
610 2881 723 2957 tuerit,
741 2883 775 2946 id
790 2883 863 2946 sine
879 2882 1045 2946 dilacione
1061 2881 1212 2946 reuocari
1228 2880 1369 2945 iacietis,
1416 2897 1472 2957 aar
1485 2881 1554 2930 such

262 2986 363 3051 Teste
386 2986 516 3070 meipso
539 2986 632 3070 apud
656 2986 797 3051 Westm.
823 3007 918 3069 xxm]
945 2987 1000 3050 die
1028 2986 1121 3070 Maij,
1154 3005 1244 3050 anno
1278 2983 1371 3068 regni
1408 2949 1568 3063 iffieissss

262 3091 370 3155 nostri
389 3090 510 3174 primo
1414 3088 1557 3197 maffia

309 3332 396 3414 (220)
419 3332 628 3396 Oxnmncro
649 3349 717 3396 Pno
738 3348 839 3396 noxa
859 3333 1093 3397 Vrcnnroxun
1114 3348 1152 3394 ru
1173 3345 1325 3395 coruunt.

351 3512 612 3576 Memorandum
636 3511 730 3596 quod
754 3512 856 3576 Anno
881 3512 962 3576 D'ni
986 3514 1150 3576 m¹ccccmo
1172 3516 1307 3585 octauo,
1334 3509 1367 3594 xj
1448 3510 1523 3568 1408.

263 3616 318 3680 die
344 3617 469 3680 mensis
497 3616 590 3699 Maii,
620 3616 783 3701 Magister
807 3615 922 3681 Adam
949 3617 991 3680 de
1018 3617 1207 3680 Fenrother
1233 3621 1267 3678 et
1295 3615 1371 3679 d’ns
1422 3575 1488 3638 May
1508 3587 1546 3624 ¹¹⁸

264 3720 381 3804 Joh'es
410 3721 453 3784 de
482 3721 588 3795 Dene,
620 3720 782 3784 Canonici
811 3720 949 3784 ecclesie
976 3721 1021 3785 b’i
1049 3719 1196 3784 Wilfridi
1221 3719 1369 3803 Rypon'.

264 3824 478 3909 prebendarij
497 3825 749 3908 prebendarum
763 3825 805 3888 de
820 3824 982 3908 Nunwyk
999 3831 1033 3888 et
1050 3825 1092 3889 de
1113 3824 1369 3907 Staynwygges,

264 3930 299 3993 in
319 3929 423 3994 domo
442 3929 631 4013 Capitulari
651 3928 887 4013 capitulariter
906 3934 1151 4004 conuenerunt,
1173 3927 1371 4010 Capitulum

264 4032 439 4108 facientes,
465 4032 646 4117 dictusque
671 4033 833 4118 Magister
856 4033 980 4108 Adam,
1006 4033 1080 4097 vice
1104 4038 1138 4096 et
1163 4031 1371 4096 auctoritate

265 4136 425 4220 Capituli,
446 4137 581 4202 monuit
601 4143 635 4201 et
655 4137 816 4202 iniuncsit
836 4137 996 4201 omnibus
1016 4143 1050 4201 et
1069 4135 1210 4221 singulis
1229 4133 1371 4200 Vicariis

265 4242 365 4306 Chori
390 4241 520 4307 adtunc
544 4263 660 4306 coram
684 4243 758 4325 ipso
782 4241 1006 4325 personaliter
1029 4240 1252 4326 congregatis
1278 4239 1371 4324 quod

178 4415 180 4418 ,
265 4346 352 4410 citra
370 4345 460 4410 diem
479 4346 574 4410 Lune
592 4366 688 4429 prox.
708 4351 787 4430 post
805 4346 933 4410 testum
950 4344 1207 4428 Assumpcionis
1225 4344 1373 4428 Virginis

265 4450 408 4535 gloriose
438 4470 534 4533 prox.
567 4450 733 4525 futurum,
765 4449 986 4533 prouiderent
1016 4455 1050 4513 et
1081 4447 1278 4512 ordinarent
1308 4447 1372 4512 sibi

266 4555 408 4619 domum
430 4554 518 4619 intra
539 4554 725 4618 bedemam
747 4554 782 4617 in
803 4575 874 4638 qua
895 4553 998 4617 domo
1019 4553 1120 4617 simul
1141 4551 1317 4616 comedere
1339 4558 1373 4616 et

266 4659 336 4723 suis
364 4659 604 4722 communibus
633 4659 790 4743 expensis
818 4658 934 4722 viuere
963 4657 1095 4742 possint
1124 4657 1159 4720 in
1188 4656 1373 4730 communi,

266 4763 353 4828 citra
369 4762 460 4830 diem
478 4763 573 4826 Lune
590 4763 816 4837 antedictum,
834 4768 869 4826 et
886 4762 951 4826 hoc
967 4763 1032 4826 sub
1048 4761 1145 4846 penis
1161 4761 1374 4846 grauioribus
