3392 5650
343 716 407 782 266
628 717 706 782 Tne
732 718 889 783 laeuas
914 718 1161 784 Manuscnn’r.

150 906 294 1020 ‘resealedp
338 897 531 962 concedunt
556 918 676 982 prose
700 903 734 961 et
758 918 847 962 succ.
874 918 899 962 s.
925 897 1019 962 illam
1043 918 1207 962 renouare
1231 903 1265 961 et
1290 897 1332 962 de
1355 918 1450 962 nouo

148 987 176 1020 ln
190 988 252 1020 case
265 988 282 1021 0

133 1040 230 1101 ueeay,
247 1044 309 1095 etc„
337 1020 398 1084 per
420 1000 511 1084 ipsos
534 1007 569 1065 et
592 1022 681 1066 succ.
706 1022 731 1065 s
757 1001 903 1086 sigillare
925 1023 1027 1087 super
1049 1002 1167 1066 debita
1190 1008 1225 1065 et
1248 1001 1448 1066 racionabili

140 1105 195 1154 this
205 1105 305 1154 canuc
337 1104 560 1187 requisicione
588 1126 648 1188 per
674 1105 780 1189 ijdem
810 1106 897 1189 (ειό)Ι
927 1107 984 1172 Ca.
1011 1106 1089 1171 ecel.
1115 1106 1197 1171 Coll.
1223 1107 1278 1171 vel
1304 1127 1393 1172 succ.
1420 1127 1446 1171 S.

182 1173 262 1221 ‘¹⁰⁸⁶'
336 1208 402 1273 sibi
422 1209 515 1274 iacta
534 1217 569 1274 et
590 1210 623 1274 in
645 1210 801 1275 futurum
822 1211 989 1276 facienda·

145 1352 224 1415 They
237 1352 304 1400 bind

142 1418 307 1467 themselves
426 1359 475 1423 Et
496 1378 563 1424 nos
590 1365 674 1429 dicti
703 1365 799 1429 Prior
822 1372 857 1429 et
881 1365 1080 1430 Conuentus
1108 1365 1152 1430 ad
1180 1367 1242 1430 hee
1269 1365 1385 1430 omnia
1413 1371 1448 1429 et

157 1485 196 1549 by
208 1486 284 1535 oatn.
335 1467 469 1553 singula
501 1469 647 1534 fideliter
679 1470 895 1535 obseruanda
927 1491 990 1534 nos
1022 1476 1056 1534 et
1089 1491 1178 1536 succ.
1214 1491 1246 1535 n.
1281 1470 1316 1534 in
1349 1490 1445 1555 perp,

335 1572 530 1639 iuramento
549 1574 721 1658 religionis
740 1575 941 1659 obligamus.

425 1718 466 1780 In
488 1720 593 1783 cuius
605 1716 652 1781 rei
666 1723 743 1781 test.
760 1717 856 1782 Prior
868 1724 903 1781 et
920 1717 1025 1782 Conv.
1040 1718 1099 1781 vni
1113 1718 1203 1801 parti
1217 1717 1317 1782 huius
1329 1716 1449 1802 scripti

335 1820 508 1885 indentati
526 1842 630 1905 penes
647 1823 821 1906 prefatum
839 1822 1037 1906 Capitulum
1055 1822 1134 1887 eccl.
1154 1821 1236 1887 Coll.
1256 1821 1449 1886 remanenti

334 1924 394 2009 sig.
420 1946 453 1989 n.
479 1946 660 1990 commune
684 1926 918 2010 apposuimus
943 1934 978 1991 et
1002 1927 1101 1992 alteri
1124 1948 1206 1991 vero
1230 1926 1321 2011 parti
1345 1926 1448 1991 huius

334 2029 452 2113 scripti
476 2029 648 2095 indentati
672 2052 775 2115 penes
798 2032 951 2115 prelatos
980 2032 1131 2096 Priorem
1163 2038 1197 2096 et
1229 2032 1448 2097 Conuentum

335 2134 526 2197 remanenti
546 2136 639 2218 pred.
661 2135 718 2200 Ca.
739 2135 818 2200 eccl.
840 2135 921 2201 Coll.
943 2136 1117 2201 antedicte
1136 2137 1196 2222 sig.
1217 2158 1243 2202 s,
1264 2157 1448 2201 commune
1545 2225 1549 2229 g

336 2239 508 2322 apposuit.
540 2239 638 2304 'Dat
670 2240 862 2323 penultimo
891 2241 945 2306 die
974 2242 1100 2306 mensis
1129 2242 1315 2307 Nouembr.
1346 2241 1448 2306 Anno

335 2342 397 2406 Doi
417 2342 559 2408 Mill'mo
577 2356 695 2409 cccc¹¹¹⁰
713 2345 790 2408 lx¹¹¹0
807 2345 882 2429 vj10,
902 2353 937 2410 et
957 2368 1048 2411 anno
1068 2347 1161 2433 regni
1182 2347 1267 2432 regis
1286 2346 1448 2411 Edwardi

335 2448 451 2532 quarti
470 2455 579 2513 sexte.

335 2649 384 2713 90.
439 2628 527 2710 (354)
567 2629 760 2693 Fuunnero
796 2646 985 2694 PERPETUE
1022 2630 1208 2694 Cilurnum
1245 2631 1289 2696 M.
1328 2630 1448 2713 Jou’rs

379 2732 561 2809 Senones,
590 2733 767 2797 Curiorum
796 2733 1082 2814 Rusrounemnrj
1112 2751 1157 2798 ne
1185 2735 1446 2815 PREBENDARIJ

381 2839 583 2903 Pnussunnu
614 2857 662 2903 nu
692 2838 828 2914 Tirone,
860 2857 898 2903 m
930 2857 1028 2904 Eece.
1061 2839 1213 2904 Correo.
1246 2839 1375 2904 Ripon’
1407 2857 1447 2905 nu

380 2960 507 3007 EADEM
533 2960 702 3008 runonra
726 2961 794 3007 pun
817 2943 1030 3008 ciprinum
1054 2961 1217 3008 srusouu
1241 2961 1423 3009 Eceiusru.

187 3098 261 3155 1466,
425 3097 601 3163 Omnibus
646 3098 735 3161 hane
780 3104 912 3162 cartam
959 3098 1176 3163 indentatam
1221 3098 1344 3165 visuris
1394 3098 1451 3162 vel

159 3162 225 3286 9⁰⁰⁶
247 3176 286 3210 Μ’
338 3199 517 3274 audituris
545 3199 601 3264 Ca.
629 3200 708 3265 eccl.
736 3200 817 3265 Coll.
844 3201 887 3265 de
913 3202 1050 3286 Ripon',
1077 3223 1124 3267 sa.
1152 3203 1186 3267 in
1212 3204 1313 3268 D’no.
1362 3203 1449 3268 Cum

141 3277 310 3393 3352}ssss
338 3305 456 3387 Joh’es
479 3304 575 3368 Prior
597 3305 719 3369 domus
741 3306 813 3369 siue
837 3305 1013 3371 Prioratus
1036 3307 1102 3371 S’ci
1124 3306 1235 3390 Joh'is
1258 3306 1299 3371 de
1323 3307 1449 3371 Ponte-

136 3411 176 3459 St.
192 3410 266 3473 John
284 3409 313 3458 οἱ
339 3409 449 3473 fracto
484 3414 519 3471 et
554 3408 705 3472 eiusdem
739 3410 804 3473 loci
840 3409 1039 3475 Conuentus
1073 3417 1108 3474 et
1143 3431 1260 3476 eorum
1294 3410 1451 3478 vnanimi

136 3477 313 3608 ifa‘smgtgffi
340 3533 506 3576 consensu
539 3518 573 3575 et
605 3533 772 3577 consensu
804 3534 865 3596 per
891 3515 1058 3599 scriptum
1085 3536 1186 3580 suum
1217 3515 1449 3590 indentatum,

147 3618 194 3662 ten
208 3610 301 3724 malpks
340 3617 436 3681 euius
452 3616 537 3680 data
553 3622 605 3679 est
621 3617 812 3700 penultimo
829 3617 884 3681 die
900 3620 1025 3683 mensis
1042 3619 1073 3682 N
1076 3621 1227 3684 ouembr.
1249 3620 1350 3684 Anno
1370 3619 1451 3683 D'ni

153 3694 247 3729 annua
268 3693 294 3740 y,
341 3720 446 3784 Mill’o
470 3731 587 3784 ccec¹¹¹⁰
605 3721 816 3806 sexagesimo
836 3729 945 3798 sexto,
963 3724 1062 3788 nobis
1082 3724 1224 3807 prefatis
1241 3723 1400 3808 Capitulo
1418 3729 1453 3787 et

340 3825 590 3890 successoribus
606 3826 688 3889 n'ris
705 3826 875 3910 inperp'm
891 3848 1001 3912 nuper
1017 3834 1256 3893 concesserunt
1278 3828 1453 3912 quendam

340 3952 495 3995 annuum
516 3929 690 3995 redditum
712 3931 830 3994 decem
852 3953 1047 3998 marcarum
1077 3933 1317 4018 sterlingorum
1347 3933 1453 4018 perci-

340 4035 452 4119 piend.
472 4035 653 4100 annuatim
670 4036 712 4099 de
729 4036 872 4119 prefatis
891 4038 1007 4102 Priore
1024 4044 1058 4102 et
1075 4038 1256 4103 Conuentu
1273 4045 1308 4103 et
1324 4060 1454 4104 succes-

339 4140 472 4205 soribus
491 4140 561 4205 suis
581 4140 772 4223 imperp'm,
794 4141 947 4207 soluend.
969 4141 1068 4206 nobis
1088 4141 1145 4206 Ca.
1168 4148 1202 4206 et
1225 4163 1314 4207 succ.
1336 4164 1369 4208 n.
1391 4150 1455 4208 aut

339 4244 413 4308 n'ro
435 4251 529 4309 certo
550 4250 728 4309 attornato
751 4244 795 4309 ad
817 4265 992 4309 summum
1014 4244 1122 4308 altare
1144 4245 1178 4309 in
1200 4246 1279 4310 eccl.
1303 4245 1385 4310 Coll.
1411 4246 1454 4311 de

340 4349 465 4432 Ripon’
491 4349 534 4413 ad
558 4349 647 4413 festa
670 4350 768 4414 Pent.
794 4355 829 4413 et
853 4347 919 4413 S’ci
945 4348 1085 4412 Martini
1108 4348 1143 4412 in
1166 4370 1265 4431 yeme
1287 4349 1342 4413 vel
1365 4349 1455 4415 inira

340 4475 448 4518 vnum
468 4474 620 4518 mensem
641 4473 737 4537 prox.
759 4460 838 4538 post
859 4452 1040 4538 quodlibet
1061 4452 1188 4517 festum
1210 4454 1308 4519 Pent.
1332 4461 1366 4518 et
1387 4454 1454 4519 S’ci

341 4558 480 4635 Martini
505 4559 540 4622 in
564 4579 663 4642 yeme
687 4559 869 4623 annuatim
894 4557 990 4641 equis
1014 4557 1233 4641 porcionibus
1258 4559 1452 4643 imperp'm,

341 4665 539 4748 Recipiend.
566 4684 669 4747 super
693 4663 891 4728 huiusmodi
916 4661 1088 4726 solucione
1115 4660 1156 4725 de
1182 4662 1338 4747 quolibet
1364 4663 1453 4728 festo

411 4833 418 4855 ¹
438 4827 492 4876 For
507 4831 522 4849 ‘⁴
532 4825 671 4875 eosdem.”
