3392 5650
621 617 895 683 Caurutnuv.

215 888 266 966 (16
280 884 326 961 v.)
615 883 686 963 (43)
711 883 901 945 Aturucu.

466 994 628 1075 (Licence
652 993 705 1057 for
728 993 881 1057 Aldfield
906 993 1063 1076 Chapel).

301 1108 443 1172 printed
460 1107 546 1171 from
565 1107 622 1170 the
647 1107 886 1189 Darnbrough
909 1106 986 1169 MS.
1008 1106 1041 1167 in
1060 1106 1167 1169 ⁴llerrz.
1188 1105 1312 1186 Rz‘pon,
1357 1118 1484 1220 ὧὲὲἷὲ·
1500 1179 1528 1220 et

214 1208 240 1285 I,
265 1211 333 1289 198.
400 1206 542 1291 lngilby
570 1207 646 1271 MS.
679 1207 742 1270 has
767 1207 865 1270 these
894 1206 1069 1290 readings,
1101 1204 1495 1286 “ΡίηΙ(οη,”θδῖῖῑηωηζο

215 1313 236 1342 “
250 1307 293 1371 de
316 1305 447 1384 Caue,''
475 1312 497 1340 ‘⁶
512 1306 679 1370 Aldred.''

601 1447 671 1526 (44)
698 1445 926 1508 Drscurouu.

490 1556 616 1635 (Grant
632 1556 671 1620 ol
685 1557 764 1620 land
783 1556 835 1620 for
850 1579 871 1619 a
887 1557 1035 1639 chapel).

297 1668 473 1732 Omnibus
501 1668 559 1750 xpi
588 1667 750 1732 fidelibus
777 1668 820 1731 ad
853 1689 942 1750 quos
975 1688 1118 1751 presens
1145 1667 1310 1749 scriptum
1361 1686 1386 1723 er
1423 1686 1465 1724 esi
1501 1677 1526 1725 in

211 1768 416 1851 peruenerit,
457 1767 575 1851 Joh‘es
624 1768 763 1832 Russell
811 1768 854 1832 de
903 1768 1043 1851 Ripon‘,
1086 1768 1231 1831 salutem
1277 1768 1310 1829 in
1328 1757 1412 1855 Ἓξ
1428 1808 1481 1856 end
1499 1807 1530 1856 of

212 1867 315 1933 D’n0.
381 1868 558 1931 Noueritis
598 1888 652 1931 me
691 1868 809 1932 diuine
849 1868 986 1951 pietatis
1025 1867 1151 1929 intuitu
1185 1879 1218 1931 et
1250 1888 1312 1949 pro
1326 1872 1480 1922 document·

208 1969 319 2032 salute
357 1968 474 2031 anime
514 1989 589 2032 mee
627 1981 660 2032 et
699 1969 732 2030 in
774 1968 1013 2032 remissionem
1055 1968 1122 2049 (17)
1153 1968 1310 2031 omnium

210 2082 426 2151 peccatorum
452 2089 607 2131 meorum
631 2068 707 2131 ded.
733 2089 829 2132 conc.
859 2081 891 2132 et
914 2089 946 2151 p.
966 2089 994 2131 c.
1020 2089 1063 2130 m.
1087 2067 1176 2131 conf.
1204 2080 1311 2131 totam

207 2183 331 2232 terram
377 2189 488 2232 meam
532 2167 575 2231 de
620 2167 801 2232 Disceford
839 2189 944 2251 quam
984 2180 1085 2231 teneo
1128 2167 1170 2230 de
1212 2169 1313 2232 beato

207 2268 374 2332 Wilfrido
401 2281 434 2331 et
462 2268 625 2350 Capitulo
659 2267 801 2351 Ripon',
835 2269 912 2332 Deo
941 2268 974 2329 in
1004 2268 1090 2331 tales
1119 2288 1204 2330 vsus
1232 2268 1313 2330 sub-

205 2368 353 2451 scriptos
376 2369 662 2442 conuertendum,
690 2368 763 2431 scil.
792 2367 834 2430 ad
859 2368 1029 2451 capellam
1054 2367 1249 2430 faciendam
1276 2368 1310 2429 in

207 2468 347 2551 proprio
375 2467 545 2530 territorio
573 2487 650 2530 meo
677 2466 720 2531 de
748 2467 931 2531 Disceford
959 2480 992 2531 et
1017 2467 1310 2531 sustentacionem

206 2567 310 2630 vnius
341 2566 511 2649 capellani
553 2566 586 2628 in
626 2567 746 2630 eadem
780 2567 986 2631 celebrantis
1020 2588 1081 2649 pro
1112 2588 1161 2630 sa.
1196 2566 1313 2629 anime

206 2687 281 2730 mee
304 2678 337 2729 et
361 2665 517 2729 omnium
544 2665 635 2729 fidel.
663 2665 813 2730 defunct.
843 2667 877 2729 in
904 2687 1013 2749 perp,
1041 2681 1074 2730 et
1098 2666 1191 2747 quod
1221 2666 1311 2729 idem

204 2766 407 2850 capellanus
440 2765 473 2828 in
506 2765 611 2831 domo
643 2788 707 2830 sua
739 2787 909 2850 pauperes
943 2767 1085 2849 recipiat
1123 2779 1156 2830 et
1196 2779 1314 2848 pascat

205 2880 307 2950 prout
330 2866 475 2929 facultas
499 2867 529 2929 ei
558 2867 669 2931 fuerit.
721 2867 765 2930 Et
788 2889 857 2950 ego
880 2866 998 2951 Joh’cs
1023 2866 1173 2949 primum
1199 2867 1312 2948 capel-

204 2969 321 3030 lanum
352 2967 424 3030 scil.
457 2966 648 3031 Robertum
678 2968 720 3031 de
752 2967 896 3050 Capella
922 2967 1075 3042 instituo,
1107 2979 1140 3030 et
1172 2967 1311 3048 propria

204 3089 309 3130 manu
346 3088 423 3130 mea
458 3066 568 3130 eidem
603 3067 755 3130 sesinam
794 3067 934 3131 confero
969 3080 1002 3131 et
1037 3066 1200 3130 concedo.
1267 3066 1311 3128 Et
1359 3064 1524 3154 Notaquod

202 3168 330 3232 solutat
369 3166 568 3248 (⁶⁶soluat”
607 3168 741 3230 written
787 3170 878 3249 over)
923 3167 1104 3230 annuatim
1147 3130 1492 3256 Capitulofffggiissnff,

205 3268 323 3350 Ripon
347 3266 399 3350 ijs.
424 3268 572 3352 argenti,
597 3268 669 3331 scil.
695 3267 776 3351 xijd.
801 3267 844 3331 ad
871 3267 995 3332 festum
1023 3266 1141 3330 Sancti
1166 3265 1307 3328 Martini
1325 3259 1447 3308 Disforth
1473 3261 1525 3337 ⁸9¹·

204 3367 236 3429 in
267 3368 392 3442 hieme,
419 3380 452 3430 et
477 3366 522 3450 xij
551 3368 593 3431 ad
626 3368 865 3432 Pentecosten.
918 3369 961 3431 Et
987 3368 1075 3430 duas
1100 3367 1205 3429 libras
1233 3387 1309 3429 cere
1323 3333 1367 3452 ,iit
1384 3337 1523 3374 annuatim

202 3468 346 3532 ecclesie
373 3467 415 3530 de
440 3467 587 3549 'lopklil
615 3468 647 3529 in
677 3468 733 3531 die
767 3468 844 3532 S’ce
873 3470 950 3550 (ric)
979 3467 1161 3531 Columbe.
1224 3465 1309 3528 Post
1356 3508 1488 3570 Topelifle

202 3568 381 3631 decessum
411 3587 493 3631 vero
520 3567 600 3630 dicti
629 3568 785 3643 Roberti,
813 3569 1005 3651 capitulum
1035 3567 1124 3631 beati
1152 3565 1423 3649 Wilfridichureh
1459 3574 1481 3621 is

201 3668 244 3731 ad
272 3667 515 3731 execucionem
546 3668 651 3731 huius
679 3668 781 3733 officii
811 3670 1031 3752 capellanum
1059 3667 1222 3731 idoneum
1247 3663 1307 3748 qui
1322 3638 1469 3753 clippeatsetd

203 3767 445 3851 parochialiter
460 3767 635 3831 deseruiat
651 3769 841 3852 deputabit.
888 3770 1012 3832 Dictus
1030 3789 1112 3830 vero
1133 3767 1308 3830 Robertus
1322 3769 1464 3818 Columba.

202 3881 235 3932 et
264 3868 323 3931 alii
355 3888 573 3932 successores
604 3869 663 3950 qui
696 3882 852 3952 tempore
886 3869 1014 3933 fuerint
1052 3866 1101 3930 sic
1137 3867 1180 3929 ad
1218 3865 1308 3930 ordi-

204 3967 384 4032 nacionem
412 3988 522 4030 meam
549 3971 735 4033 obseruare
760 3983 944 4053 procurent
966 3982 1003 4032 vt
1026 3989 1140 4031 coram
1170 3968 1246 4030 Deo
1272 3967 1305 4028 in

202 4068 258 4132 die
288 4066 409 4151 judicii
447 4067 539 4132 fideli
579 4070 829 4133 obseruacione
866 4070 1032 4153 graciam,
1071 4069 1124 4131 vel
1162 4068 1191 4130 si
1228 4088 1309 4130 con-

202 4167 424 4243 trauenerint,
468 4167 750 4251 indignacionem
793 4169 904 4252 ipsius
946 4167 1197 4250 omnipotentis
1242 4167 1307 4230 Dei

203 4267 380 4350 recipiant.

358 4379 550 4463 (Marginal
570 4393 648 4444 note
667 4381 699 4443 in
719 4404 739 4444 a
756 4384 840 4444 later
857 4382 962 4457 hand,
984 4380 1027 4444 fo.
1055 4383 1090 4442 16
1107 4382 1152 4461 v).

291 4502 380 4566 D’ns
407 4503 449 4566 de
474 4504 505 4566 le
530 4503 641 4586 Scrop
665 4504 707 4568 de
738 4505 862 4568 Bolton
893 4505 959 4567 iam
990 4504 1095 4567 huius
1120 4504 1219 4567 lieres
1243 4517 1304 4579 est,

202 4615 235 4667 et
272 4623 474 4684 quanquam
511 4603 555 4666 sit
598 4604 685 4667 infra
725 4605 926 4688 parochiam
967 4605 1009 4668 de
1047 4603 1189 4687 Topclif
1210 4653 1216 4667 .
1246 4619 1307 4668 ..1

203 4703 359 4766 libertate
375 4702 445 4766 S’ci
471 4751 478 4765 .
507 4751 514 4765 .
543 4717 569 4766 .1
590 4716 692 4767 extat.
745 4705 963 4768 Presumitur
979 4705 1086 4768 eciam
1105 4704 1197 4785 quod
1217 4704 1305 4768 idem

269 4846 275 4868 ¹
295 4840 383 4889 Eaten
395 4857 475 4907 away
488 4858 521 4890 as
533 4841 555 4890 if
564 4816 600 4907 bg
613 4842 690 4891 mice.
