3392 5650
192 1440 254 1488 13⁴⁰,
269 1426 343 1489 Sept.
358 1440 380 1487 3.

219 2346 237 2370 “
249 2344 356 2391 duobus
368 2342 381 2358 '⁵

193 2425 209 2457 n
228 2408 285 2457 MS.

396 695 436 756 24
668 675 750 736 Tur:
778 676 933 738 Isalcas
960 674 1220 738 ttum'scmpr.

397 849 502 912 nostri
544 849 762 931 presentibus
793 863 844 913 est
875 869 1082 931 appensum.
1149 848 1228 910 llat.
1263 847 1355 930 apud
1391 847 1494 910 Ebot.

397 948 480 1012 ldns
521 947 708 1011 Novembr.
742 969 836 1012 anno
876 947 992 1030 gracie
1033 947 1222 1011 Millesimo
1261 947 1499 1012 ducentesimo

395 1046 617 1129 sexagesimo
634 1046 749 1111 tercio.

398 1273 436 1322 10
449 1277 479 1320 v.
572 1261 641 1338 (20)
691 1259 747 1321 De
771 1276 917 1321 orricio
944 1276 1088 1322 numni
1116 1260 1304 1324 Caurium.

487 1421 752 1485 Memorandum
792 1422 885 1503 quod
926 1420 979 1505 iij0
1010 1423 1066 1486 die
1102 1424 1231 1486 mensis
1270 1421 1497 1507 Septembris,

395 1542 490 1584 anuo
507 1521 647 1584 Domini
670 1520 859 1585 llillesimo
875 1536 974 1585 ccc¹¹¹0
986 1523 1270 1614 quadragesimo,
1290 1522 1501 1605 Radulphus

395 1620 438 1685 de
464 1623 584 1705 Sallay
608 1622 703 1686 venit
728 1623 761 1685 in
787 1622 951 1705 Capitulo
973 1623 1114 1705 Ripon'‚
1134 1638 1167 1687 et
1190 1624 1363 1687 clamabat
1387 1636 1502 1686 tenere

395 1722 437 1786 de
453 1721 545 1786 dicto
562 1722 725 1804 Capitulo
741 1736 773 1785 et
789 1722 832 1786 de
848 1724 1051 1787 communia
1067 1724 1223 1787 eiusdem
1250 1745 1357 1786 vnum
1377 1723 1499 1788 toftum

394 1833 428 1885 et
444 1818 466 1903 ij
484 1822 630 1885 bouatas
646 1834 733 1885 terre
749 1834 781 1885 et
800 1822 886 1903 prati
900 1843 978 1886 cum
995 1823 1216 1905 pertinenciis
1230 1823 1263 1885 in
1283 1824 1495 1907 llondegate.

398 1920 492 1982 iuxta
512 1920 641 2003 Ripon’
660 1942 720 2003 per
735 1921 922 1984 seruicium
940 1924 1034 2004 quod
1054 1921 1200 1986 deferret
1223 1922 1359 2006 virgam
1385 1944 1500 1986 coram

397 2020 585 2084 canonicis
601 2035 634 2085 et
655 2021 876 2103 processione
895 2021 1020 2086 diebus
1043 2022 1229 2085 dominicis
1253 2035 1285 2085 et
1311 2021 1502 2085 maioribus

397 2119 555 2194 festinis;
585 2121 779 2185 Reddendo
802 2143 1009 2204 perannum
1027 2123 1226 2186 communie
1243 2122 1500 2186 Canonicorum

396 2220 439 2283 ad
460 2221 628 2285 terminos
650 2220 790 2284 Martini
816 2236 849 2285 et
869 2222 1090 2286 pentecostes
1114 2221 1233 2306 xviijd.
1258 2242 1320 2304 pro
1341 2222 1502 2304 predictis

397 2341 467 2384 vno
495 2320 580 2384 tofto
609 2334 641 2385 et
668 2322 806 2385 duabus
834 2321 972 2386 bouatis
1000 2336 1086 2385 terre
1114 2336 1146 2385 et
1174 2321 1272 2404 prati.
1333 2320 1376 2384 Et
1404 2320 1503 2385 faciet

397 2421 604 2484 summoniri
638 2421 741 2485 Curie
773 2422 815 2485 de
846 2422 1011 2486 omnibus
1049 2423 1154 2485 libere
1185 2421 1383 2485 tenentibus
1413 2421 1503 2484 dicte

398 2521 541 2584 ecclesie
576 2520 705 2604 Ripon'
734 2536 766 2585 et
798 2522 1018 2606 singularum
1048 2522 1312 2604 prebendarum.
1375 2521 1416 2584 Et
1444 2542 1504 2603 per

398 2631 550 2684 extracta
584 2620 766 2684 Curiarum
801 2621 1031 2703 predictarum
1064 2635 1133 2685 tam
1167 2622 1366 2685 communie
1397 2642 1501 2703 quam

398 2723 619 2806 singularum
648 2725 900 2806 prebendarum
928 2726 1042 2788 leuare
1066 2722 1167 2786 debet
1194 2721 1312 2786 omnia
1340 2721 1504 2785 amercia-

401 2836 527 2897 menta,
559 2838 591 2887 et
623 2825 782 2889 liberabit
816 2846 856 2888 ea
895 2824 1047 2908 singulis
1086 2822 1274 2887 Canonicis
1313 2822 1387 2886 siue
1427 2843 1504 2905 pro-

400 2923 618 2987 curatoribus
645 2926 845 2989 eorundem.
908 2925 952 2988 Et
978 2923 1247 2987 attaclriamenta
1274 2922 1316 2986 de
1340 2922 1504 2985 omnibus

400 3024 552 3106 querelis
574 3023 661 3086 infra
686 3024 823 3089 feodum
851 3024 1108 3090 Canonicorum
1135 3022 1364 3104 predictorum
1391 3021 1500 3085 faciet.

404 3123 447 3186 Et
465 3123 512 3187 ire
529 3124 630 3187 debet
653 3123 805 3208 singulis
826 3124 1032 3207 septimanis
1056 3143 1115 3205 per
1133 3122 1222 3186 duos
1243 3122 1327 3197 dies,
1349 3122 1508 3186 videlicet

401 3223 457 3287 die
503 3223 665 3287 Mercurii
705 3236 738 3287 et
775 3223 831 3287 dic
869 3223 1026 3299 Veneris,
1062 3243 1139 3287 cum
1181 3221 1433 3298 'l'astatoribus
1475 3234 1509 3285 et

403 3323 615 3404 presentabit
645 3323 766 3387 delalc.
803 3324 904 3405 panis
934 3337 966 3387 et
998 3322 1173 3387 cereuisie.
1240 3321 1282 3384 Et
1319 3321 1505 3385 Tolnetum

403 3424 518 3486 leuare
534 3422 635 3486 debet
654 3423 697 3486 de
724 3424 889 3487 omnibus
915 3422 1157 3505 empcionibus
1183 3436 1216 3486 et
1242 3422 1507 3486 vendicionibus

404 3521 491 3585 infra
522 3522 660 3586 feodum
695 3522 952 3586 Canonicorum
993 3522 1234 3605 predictorum.
1308 3523 1351 3585 Et
1389 3522 1508 3586 onmia

403 3623 661 3686 concelementa
679 3623 900 3705 presentabit.

344 3803 351 3819 ⁹
402 3832 473 3911 (ει)
506 3829 622 3893 eoru
655 3847 847 3892 eurusunu
881 3829 1008 3894 Caura
1041 3847 1088 3892 uu
1121 3847 1254 3892 innius
1288 3848 1325 3892 m
1360 3829 1503 3905 Naeuii,

446 3947 522 4008 pue
554 3947 700 4008 Quinem
733 3947 854 3992 enum
887 3948 1065 3993 renisum·
1097 3948 1134 3994 ur
1168 3947 1335 3994 alumnus
1364 3947 1503 3993 rinnau.

447 4031 608 4093 Suroms
635 4029 776 4092 Fisuun
804 4047 852 4094 ue
879 4030 1021 4093 Neues.

491 4192 690 4275 Capitulum
732 4193 851 4258 Sancti
885 4193 1040 4257 Wilfridi
1077 4194 1119 4257 de
1157 4193 1309 4278 Rypon',
1344 4193 1508 4258 omnibus

404 4293 493 4356 lianc
517 4306 644 4356 cartam
671 4294 798 4358 visuris
822 4295 876 4357 vel
901 4294 1083 4370 audituris,
1107 4296 1265 4358 salutem.
1292 4294 1419 4357 Sciatis
1445 4315 1508 4358 nos

402 4393 539 4457 dedisse
577 4405 610 4456 et
648 4394 862 4459 concessisse
901 4408 934 4457 et
974 4394 1123 4476 presenti
1155 4406 1247 4457 carta
1280 4408 1397 4457 nostra
1428 4414 1509 4457 con-

402 4492 559 4556 firmasse
593 4493 696 4557 Petro
727 4492 800 4581 filio
835 4493 989 4571 Ricardi‚
1025 4515 1131 4556 vnum
1165 4493 1287 4557 toftum
1317 4494 1351 4557 in
1383 4494 1508 4578 Neuby

402 4606 435 4657 et
455 4606 523 4657 tres
542 4615 640 4657 acras
660 4607 747 4657 terre
773 4594 806 4656 in
831 4615 956 4676 campo
980 4593 1133 4657 eiusdem
1160 4594 1251 4670 ville,
1272 4608 1305 4658 et
1329 4607 1506 4677 pasturam

402 4693 636 4777 quadraginta
660 4693 779 4757 ouium
805 4706 838 4757 et
862 4707 939 4757 octo
961 4694 1165 4756 animalium
1189 4707 1221 4757 et
1243 4695 1346 4759 unius
1363 4695 1454 4778 equi,
1476 4708 1509 4758 et
