<?xml version="1.0" encoding="UTF-8"?>
<!DOCTYPE html PUBLIC "-//W3C//DTD XHTML 1.0 Transitional//EN"
    "http://www.w3.org/TR/xhtml1/DTD/xhtml1-transitional.dtd">
<html xmlns="http://www.w3.org/1999/xhtml" xml:lang="en" lang="en">
 <head>
  <title>
</title>
<meta http-equiv="Content-Type" content="text/html;charset=utf-8" />
  <meta name='ocr-system' content='tesseract 3.04.00' />
  <meta name='ocr-capabilities' content='ocr_page ocr_carea ocr_par ocr_line ocrx_word'/>
</head>
<body>
  <div class='ocr_page' id='page_1' title='image "./memorialschurch01fowlgoog_0281.png"; bbox 0 0 3392 5650; ppageno 0'>
   <div class='ocr_carea' id='block_1_1' title="bbox 633 710 1371 786">
    <p class='ocr_par' dir='ltr' id='par_1_1' title="bbox 633 710 1371 786">
     <span class='ocr_line' id='line_1_1' title="bbox 633 710 1371 786; baseline -0.009 -12"><span class='ocrx_word' id='word_1_1' title='bbox 633 711 727 776; x_wconf 75' lang='lat' dir='ltr'>Acis</span> <span class='ocrx_word' id='word_1_2' title='bbox 751 727 796 774; x_wconf 79' lang='lat' dir='ltr'>or</span> <span class='ocrx_word' id='word_1_3' title='bbox 819 710 998 774; x_wconf 81' lang='lat' dir='ltr'>CHAPTER.</span> <span class='ocrx_word' id='word_1_4' title='bbox 1307 720 1371 786; x_wconf 78' lang='lat'>239</span> 
     </span>
    </p>
   </div>
   <div class='ocr_carea' id='block_1_2' title="bbox 261 883 1372 1501">
    <p class='ocr_par' dir='ltr' id='par_1_2' title="bbox 261 883 1372 1501">
     <span class='ocr_line' id='line_1_2' title="bbox 262 883 1371 959; baseline -0.011 -1"><span class='ocrx_word' id='word_1_5' title='bbox 262 892 524 958; x_wconf 81' lang='lat' dir='ltr'>sacramentalia</span> <span class='ocrx_word' id='word_1_6' title='bbox 553 890 746 955; x_wconf 88' lang='lat' dir='ltr'>ministrare</span> <span class='ocrx_word' id='word_1_7' title='bbox 775 889 891 953; x_wconf 87' lang='lat' dir='ltr'>valeas</span> <span class='ocrx_word' id='word_1_8' title='bbox 919 889 983 952; x_wconf 93' lang='lat' dir='ltr'>hac</span> <span class='ocrx_word' id='word_1_9' title='bbox 1006 887 1081 952; x_wconf 87' lang='lat' dir='ltr'>vice</span> <span class='ocrx_word' id='word_1_10' title='bbox 1105 891 1254 959; x_wconf 87' lang='lat' dir='ltr'>tantum,</span> <span class='ocrx_word' id='word_1_11' title='bbox 1279 883 1371 947; x_wconf 90' lang='lat' dir='ltr'>vices</span> 
     </span>
     <span class='ocr_line' id='line_1_3' title="bbox 261 989 1371 1078; baseline -0.011 -15"><span class='ocrx_word' id='word_1_12' title='bbox 261 1006 397 1063; x_wconf 91' lang='lat' dir='ltr'>nostras</span> <span class='ocrx_word' id='word_1_13' title='bbox 439 1003 474 1061; x_wconf 89' lang='lat' dir='ltr'>et</span> <span class='ocrx_word' id='word_1_14' title='bbox 517 995 694 1060; x_wconf 81' lang='lat' dir='ltr'>licenciam</span> <span class='ocrx_word' id='word_1_15' title='bbox 738 1001 855 1059; x_wconf 87' lang='lat' dir='ltr'>tenore</span> <span class='ocrx_word' id='word_1_16' title='bbox 898 993 1111 1078; x_wconf 88' lang='lat' dir='ltr'>presencium</span> <span class='ocrx_word' id='word_1_17' title='bbox 1153 989 1371 1055; x_wconf 88' lang='lat' dir='ltr'>concedimus</span> 
     </span>
     <span class='ocr_line' id='line_1_4' title="bbox 262 1092 1369 1187; baseline -0.009 -21"><span class='ocrx_word' id='word_1_18' title='bbox 262 1102 453 1187; x_wconf 89' lang='lat' dir='ltr'>specialem,</span> <span class='ocrx_word' id='word_1_19' title='bbox 477 1101 560 1184; x_wconf 87' lang='lat' dir='ltr'>Jure</span> <span class='ocrx_word' id='word_1_20' title='bbox 584 1153 589 1164; x_wconf 93' lang='lat'>.</span> <span class='ocrx_word' id='word_1_21' title='bbox 616 1153 621 1164; x_wconf 93' lang='lat'>.</span> <span class='ocrx_word' id='word_1_22' title='bbox 648 1153 653 1164; x_wconf 93' lang='lat'>.</span> <span class='ocrx_word' id='word_1_23' title='bbox 677 1099 780 1163; x_wconf 93' lang='lat' dir='ltr'>saluis</span> <span class='ocrx_word' id='word_1_24' title='bbox 805 1099 854 1181; x_wconf 83' lang='lat' dir='ltr'>(as</span> <span class='ocrx_word' id='word_1_25' title='bbox 870 1098 908 1162; x_wconf 79' lang='lat' dir='ltr'>in</span> <span class='ocrx_word' id='word_1_26' title='bbox 930 1099 993 1162; x_wconf 92' lang='lat' dir='ltr'>No.</span> <span class='ocrx_word' id='word_1_27' title='bbox 1017 1098 1105 1177; x_wconf 85' lang='lat'>331).</span> <span class='ocrx_word' id='word_1_28' title='bbox 1154 1095 1235 1159; x_wconf 84' lang='lat' dir='ltr'>Dat.</span> <span class='ocrx_word' id='word_1_29' title='bbox 1258 1094 1293 1156; x_wconf 92' lang='lat' dir='ltr'>in</span> <span class='ocrx_word' id='word_1_30' title='bbox 1315 1092 1369 1156; x_wconf 77' lang='lat' dir='ltr'>do,</span> 
     </span>
     <span class='ocr_line' id='line_1_5' title="bbox 261 1197 1371 1288; baseline -0.01 -17"><span class='ocrx_word' id='word_1_31' title='bbox 261 1207 319 1272; x_wconf 88' lang='lat' dir='ltr'>Ca.</span> <span class='ocrx_word' id='word_1_32' title='bbox 348 1206 439 1271; x_wconf 89' lang='lat' dir='ltr'>Eccl.</span> <span class='ocrx_word' id='word_1_33' title='bbox 469 1204 594 1288; x_wconf 90' lang='lat' dir='ltr'>Ripon&#39;</span> <span class='ocrx_word' id='word_1_34' title='bbox 623 1204 775 1287; x_wconf 83' lang='lat' dir='ltr'>predicte</span> <span class='ocrx_word' id='word_1_35' title='bbox 802 1205 867 1267; x_wconf 90' lang='lat' dir='ltr'>sub</span> <span class='ocrx_word' id='word_1_36' title='bbox 893 1202 1001 1287; x_wconf 87' lang='lat' dir='ltr'>sigillo</span> <span class='ocrx_word' id='word_1_37' title='bbox 1028 1198 1257 1282; x_wconf 84' lang='lat' dir='ltr'>Commissarij</span> <span class='ocrx_word' id='word_1_38' title='bbox 1288 1197 1371 1261; x_wconf 90' lang='lat' dir='ltr'>dicti</span> 
     </span>
     <span class='ocr_line' id='line_1_6' title="bbox 261 1301 1372 1396; baseline -0.01 -20"><span class='ocrx_word' id='word_1_39' title='bbox 261 1311 410 1396; x_wconf 80' lang='lat' dir='ltr'>Capituli</span> <span class='ocrx_word' id='word_1_40' title='bbox 444 1310 508 1375; x_wconf 83' lang='lat' dir='ltr'>n&#39;ri</span> <span class='ocrx_word' id='word_1_41' title='bbox 542 1308 667 1391; x_wconf 61' lang='lat' dir='ltr'>xxiiijw</span> <span class='ocrx_word' id='word_1_42' title='bbox 700 1308 755 1371; x_wconf 90' lang='lat' dir='ltr'>die</span> <span class='ocrx_word' id='word_1_43' title='bbox 790 1306 965 1391; x_wconf 87' lang='lat' dir='ltr'>Februarij</span> <span class='ocrx_word' id='word_1_44' title='bbox 1003 1307 1104 1370; x_wconf 85' lang='lat' dir='ltr'>Anno</span> <span class='ocrx_word' id='word_1_45' title='bbox 1139 1304 1218 1368; x_wconf 91' lang='lat' dir='ltr'>D&#39;ni</span> <span class='ocrx_word' id='word_1_46' title='bbox 1254 1301 1372 1365; x_wconf 83' lang='lat' dir='ltr'>Mill&#39;io</span> 
     </span>
     <span class='ocr_line' id='line_1_7' title="bbox 261 1411 1019 1501; baseline -0.009 -20"><span class='ocrx_word' id='word_1_47' title='bbox 261 1414 600 1501; x_wconf 87' lang='lat' dir='ltr'>quadringentesimo</span> <span class='ocrx_word' id='word_1_48' title='bbox 624 1412 835 1497; x_wconf 86' lang='lat' dir='ltr'>sexagesimo</span> <span class='ocrx_word' id='word_1_49' title='bbox 861 1411 1019 1495; x_wconf 78' lang='lat' dir='ltr'>septimo,</span> 
     </span>
    </p>
   </div>
   <div class='ocr_carea' id='block_1_3' title="bbox 261 1592 1370 1762">
    <p class='ocr_par' dir='ltr' id='par_1_3' title="bbox 261 1592 1370 1762">
     <span class='ocr_line' id='line_1_8' title="bbox 261 1592 1370 1676; baseline -0.007 -20"><span class='ocrx_word' id='word_1_50' title='bbox 261 1593 310 1655; x_wconf 90' lang='lat'>82.</span> <span class='ocrx_word' id='word_1_51' title='bbox 392 1594 479 1676; x_wconf 80' lang='lat'>(339)</span> <span class='ocrx_word' id='word_1_52' title='bbox 534 1592 764 1656; x_wconf 78' lang='lat' dir='ltr'>Aucronrrxs</span> <span class='ocrx_word' id='word_1_53' title='bbox 810 1606 1046 1654; x_wconf 75' lang='lat' dir='ltr'>Puurrrcxuur</span> <span class='ocrx_word' id='word_1_54' title='bbox 1094 1604 1285 1651; x_wconf 76' lang='lat' dir='ltr'>uuirauau</span> <span class='ocrx_word' id='word_1_55' title='bbox 1332 1603 1370 1649; x_wconf 82' lang='lat' dir='ltr'>ru</span> 
     </span>
     <span class='ocr_line' id='line_1_9' title="bbox 306 1696 764 1762; baseline -0.007 0"><span class='ocrx_word' id='word_1_56' title='bbox 306 1698 471 1762; x_wconf 79' lang='lat' dir='ltr'>CAPELLA</span> <span class='ocrx_word' id='word_1_57' title='bbox 496 1714 543 1759; x_wconf 79' lang='lat' dir='ltr'>ou</span> <span class='ocrx_word' id='word_1_58' title='bbox 568 1696 764 1760; x_wconf 81' lang='lat' dir='ltr'>Mouxrou.</span> 
     </span>
    </p>
   </div>
   <div class='ocr_carea' id='block_1_4' title="bbox 252 1845 1371 2457">
    <p class='ocr_par' dir='ltr' id='par_1_4' title="bbox 252 1845 1371 2457">
     <span class='ocr_line' id='line_1_10' title="bbox 349 1845 1367 1935; baseline -0.007 -20"><span class='ocrx_word' id='word_1_59' title='bbox 349 1851 547 1935; x_wconf 88' lang='lat' dir='ltr'>Capitulum</span> <span class='ocrx_word' id='word_1_60' title='bbox 575 1902 581 1914; x_wconf 92' lang='lat'>.</span> <span class='ocrx_word' id='word_1_61' title='bbox 610 1902 616 1914; x_wconf 89' lang='lat'><strong>.</strong></span> <span class='ocrx_word' id='word_1_62' title='bbox 646 1901 652 1914; x_wconf 91' lang='lat'><strong>.</strong></span> <span class='ocrx_word' id='word_1_63' title='bbox 680 1849 789 1913; x_wconf 91' lang='lat' dir='ltr'>Ric&#39;o.</span> <span class='ocrx_word' id='word_1_64' title='bbox 803 1849 964 1913; x_wconf 87' lang='lat' dir='ltr'>Clerkson</span> <span class='ocrx_word' id='word_1_65' title='bbox 990 1847 1184 1932; x_wconf 78' lang='lat' dir='ltr'>Capellam,</span> <span class='ocrx_word' id='word_1_66' title='bbox 1210 1845 1367 1910; x_wconf 87' lang='lat' dir='ltr'>salutem.</span> 
     </span>
     <span class='ocr_line' id='line_1_11' title="bbox 261 1950 1370 2038; baseline -0.006 -17"><span class='ocrx_word' id='word_1_67' title='bbox 261 1958 308 2021; x_wconf 90' lang='lat' dir='ltr'>Vt</span> <span class='ocrx_word' id='word_1_68' title='bbox 327 1955 486 2020; x_wconf 88' lang='lat' dir='ltr'>Graciam</span> <span class='ocrx_word' id='word_1_69' title='bbox 504 1974 646 2018; x_wconf 88' lang='lat' dir='ltr'>vxorem</span> <span class='ocrx_word' id='word_1_70' title='bbox 666 1953 789 2038; x_wconf 86' lang='lat' dir='ltr'>Rogeri</span> <span class='ocrx_word' id='word_1_71' title='bbox 808 1953 916 2017; x_wconf 88' lang='lat' dir='ltr'>Ledes</span> <span class='ocrx_word' id='word_1_72' title='bbox 934 1953 976 2017; x_wconf 89' lang='lat' dir='ltr'>de</span> <span class='ocrx_word' id='word_1_73' title='bbox 995 1952 1173 2026; x_wconf 88' lang='lat' dir='ltr'>Monkton,</span> <span class='ocrx_word' id='word_1_74' title='bbox 1194 1950 1370 2035; x_wconf 85' lang='lat' dir='ltr'>parochia-</span> 
     </span>
     <span class='ocr_line' id='line_1_12' title="bbox 261 2056 1370 2145; baseline -0.005 -20"><span class='ocrx_word' id='word_1_75' title='bbox 261 2082 343 2125; x_wconf 92' lang='lat' dir='ltr'>nam</span> <span class='ocrx_word' id='word_1_76' title='bbox 362 2059 534 2145; x_wconf 87' lang='lat' dir='ltr'>prebende</span> <span class='ocrx_word' id='word_1_77' title='bbox 553 2059 595 2123; x_wconf 90' lang='lat' dir='ltr'>de</span> <span class='ocrx_word' id='word_1_78' title='bbox 615 2058 784 2122; x_wconf 89' lang='lat' dir='ltr'>Monkton</span> <span class='ocrx_word' id='word_1_79' title='bbox 805 2110 811 2123; x_wconf 91' lang='lat'><strong>.</strong></span> <span class='ocrx_word' id='word_1_80' title='bbox 835 2110 841 2122; x_wconf 93' lang='lat'><strong><em>.</em></strong></span> <span class='ocrx_word' id='word_1_81' title='bbox 865 2110 871 2122; x_wconf 89' lang='lat'><strong>.</strong></span> <span class='ocrx_word' id='word_1_82' title='bbox 893 2058 927 2122; x_wconf 90' lang='lat' dir='ltr'>in</span> <span class='ocrx_word' id='word_1_83' title='bbox 947 2056 1121 2141; x_wconf 88' lang='lat' dir='ltr'>Capellam</span> <span class='ocrx_word' id='word_1_84' title='bbox 1140 2056 1181 2120; x_wconf 89' lang='lat' dir='ltr'>de</span> <span class='ocrx_word' id='word_1_85' title='bbox 1202 2056 1370 2120; x_wconf 88' lang='lat' dir='ltr'>Monkton</span> 
     </span>
     <span class='ocr_line' id='line_1_13' title="bbox 262 2159 1371 2244; baseline -0.006 -13"><span class='ocrx_word' id='word_1_86' title='bbox 262 2217 269 2231; x_wconf 89' lang='lat'><strong>.</strong></span> <span class='ocrx_word' id='word_1_87' title='bbox 294 2218 301 2231; x_wconf 92' lang='lat'><strong>.</strong></span> <span class='ocrx_word' id='word_1_88' title='bbox 324 2166 388 2229; x_wconf 93' lang='lat' dir='ltr'>hac</span> <span class='ocrx_word' id='word_1_89' title='bbox 407 2165 481 2228; x_wconf 93' lang='lat' dir='ltr'>vice</span> <span class='ocrx_word' id='word_1_90' title='bbox 501 2170 640 2228; x_wconf 91' lang='lat' dir='ltr'>tantum</span> <span class='ocrx_word' id='word_1_91' title='bbox 660 2163 905 2227; x_wconf 86' lang='lat' dir='ltr'>auctoritatem</span> <span class='ocrx_word' id='word_1_92' title='bbox 924 2168 958 2226; x_wconf 90' lang='lat' dir='ltr'>et</span> <span class='ocrx_word' id='word_1_93' title='bbox 979 2161 1156 2226; x_wconf 87' lang='lat' dir='ltr'>licenciam</span> <span class='ocrx_word' id='word_1_94' title='bbox 1179 2213 1185 2226; x_wconf 92' lang='lat'><strong>.</strong></span> <span class='ocrx_word' id='word_1_95' title='bbox 1210 2213 1217 2226; x_wconf 91' lang='lat'><strong>.</strong></span> <span class='ocrx_word' id='word_1_96' title='bbox 1242 2214 1248 2225; x_wconf 95' lang='lat'>.</span> <span class='ocrx_word' id='word_1_97' title='bbox 1271 2159 1371 2244; x_wconf 65' lang='lat' dir='ltr'>xvjrw</span> 
     </span>
     <span class='ocr_line' id='line_1_14' title="bbox 252 2264 1370 2351; baseline -0.005 -17"><span class='ocrx_word' id='word_1_98' title='bbox 252 2270 315 2334; x_wconf 83' lang='lat' dir='ltr'>&#39;die</span> <span class='ocrx_word' id='word_1_99' title='bbox 340 2268 466 2334; x_wconf 89' lang='lat' dir='ltr'>mensis</span> <span class='ocrx_word' id='word_1_100' title='bbox 493 2267 609 2351; x_wconf 72' lang='lat' dir='ltr'>Marcii</span> <span class='ocrx_word' id='word_1_101' title='bbox 638 2267 740 2331; x_wconf 92' lang='lat' dir='ltr'>Anno</span> <span class='ocrx_word' id='word_1_102' title='bbox 765 2267 846 2331; x_wconf 91' lang='lat' dir='ltr'>D&#39;ni</span> <span class='ocrx_word' id='word_1_103' title='bbox 872 2264 914 2330; x_wconf 87' lang='lat' dir='ltr'>M¹</span> <span class='ocrx_word' id='word_1_104' title='bbox 930 2266 1142 2349; x_wconf 65' lang='lat' dir='ltr'>cccclxvijrw.</span> <span class='ocrx_word' id='word_1_105' title='bbox 1201 2265 1370 2349; x_wconf 81' lang='lat' dir='ltr'>(Formas</span> 
     </span>
     <span class='ocr_line' id='line_1_15' title="bbox 260 2373 492 2457; baseline 0 -19"><span class='ocrx_word' id='word_1_106' title='bbox 260 2373 298 2438; x_wconf 85' lang='lat' dir='ltr'>in</span> <span class='ocrx_word' id='word_1_107' title='bbox 317 2374 352 2437; x_wconf 93' lang='lat' dir='ltr'><em>N</em></span> <span class='ocrx_word' id='word_1_108' title='bbox 354 2395 381 2439; x_wconf 90' lang='lat'>0.</span> <span class='ocrx_word' id='word_1_109' title='bbox 403 2374 492 2457; x_wconf 82' lang='lat'>337).</span> 
     </span>
    </p>
   </div>
   <div class='ocr_carea' id='block_1_5' title="bbox 263 2552 1368 2723">
    <p class='ocr_par' dir='ltr' id='par_1_5' title="bbox 263 2552 1368 2723">
     <span class='ocr_line' id='line_1_16' title="bbox 263 2552 1368 2636; baseline -0.003 -17"><span class='ocrx_word' id='word_1_110' title='bbox 263 2554 350 2636; x_wconf 80' lang='lat'>(340)</span> <span class='ocrx_word' id='word_1_111' title='bbox 383 2553 585 2618; x_wconf 84' lang='lat' dir='ltr'>Couurssro</span> <span class='ocrx_word' id='word_1_112' title='bbox 616 2568 729 2616; x_wconf 76' lang='lat' dir='ltr'>rxcrx</span> <span class='ocrx_word' id='word_1_113' title='bbox 759 2552 941 2616; x_wconf 76' lang='lat' dir='ltr'>cxpnmo</span> <span class='ocrx_word' id='word_1_114' title='bbox 972 2568 1041 2616; x_wconf 83' lang='lat' dir='ltr'>PRO</span> <span class='ocrx_word' id='word_1_115' title='bbox 1070 2567 1293 2616; x_wconf 70' lang='lat' dir='ltr'>lourssrour</span> <span class='ocrx_word' id='word_1_116' title='bbox 1324 2552 1368 2616; x_wconf 90' lang='lat' dir='ltr'>M.</span> 
     </span>
     <span class='ocr_line' id='line_1_17' title="bbox 304 2656 1368 2723; baseline 0 -2"><span class='ocrx_word' id='word_1_117' title='bbox 304 2659 487 2723; x_wconf 78' lang='lat' dir='ltr'>Furcours</span> <span class='ocrx_word' id='word_1_118' title='bbox 506 2658 772 2721; x_wconf 77' lang='lat' dir='ltr'>Bunuxucunu</span> <span class='ocrx_word' id='word_1_119' title='bbox 789 2673 838 2719; x_wconf 86' lang='lat' dir='ltr'>AD</span> <span class='ocrx_word' id='word_1_120' title='bbox 857 2673 1081 2720; x_wconf 80' lang='lat' dir='ltr'><strong>PREBENDAM</strong></span> <span class='ocrx_word' id='word_1_121' title='bbox 1100 2673 1148 2719; x_wconf 75' lang='lat' dir='ltr'>uu</span> <span class='ocrx_word' id='word_1_122' title='bbox 1165 2656 1368 2721; x_wconf 74' lang='lat' dir='ltr'>Sroourxx.</span> 
     </span>
    </p>
   </div>
   <div class='ocr_carea' id='block_1_6' title="bbox 259 2808 1582 3837">
    <p class='ocr_par' dir='ltr' id='par_1_6' title="bbox 259 2808 1582 3837">
     <span class='ocr_line' id='line_1_18' title="bbox 348 2808 1538 2922; baseline 0.001 -47"><span class='ocrx_word' id='word_1_123' title='bbox 348 2810 512 2896; x_wconf 86' lang='lat' dir='ltr'>Georgius</span> <span class='ocrx_word' id='word_1_124' title='bbox 531 2863 537 2875; x_wconf 92' lang='lat'>.</span> <span class='ocrx_word' id='word_1_125' title='bbox 559 2862 565 2875; x_wconf 88' lang='lat'><strong><em>.</em></strong></span> <span class='ocrx_word' id='word_1_126' title='bbox 588 2863 594 2875; x_wconf 89' lang='lat'><strong>.</strong></span> <span class='ocrx_word' id='word_1_127' title='bbox 615 2809 703 2894; x_wconf 82' lang='lat' dir='ltr'>Quia</span> <span class='ocrx_word' id='word_1_128' title='bbox 720 2831 782 2874; x_wconf 92' lang='lat' dir='ltr'>nos</span> <span class='ocrx_word' id='word_1_129' title='bbox 800 2808 1050 2875; x_wconf 88' lang='lat' dir='ltr'>Canonicatum</span> <span class='ocrx_word' id='word_1_130' title='bbox 1067 2809 1102 2875; x_wconf 90' lang='lat' dir='ltr'>in</span> <span class='ocrx_word' id='word_1_131' title='bbox 1120 2809 1213 2874; x_wconf 88' lang='lat' dir='ltr'>dicta</span> <span class='ocrx_word' id='word_1_132' title='bbox 1231 2810 1370 2876; x_wconf 89' lang='lat' dir='ltr'>ecclesia</span> <span class='ocrx_word' id='word_1_133' title='bbox 1418 2809 1538 2922; x_wconf 65' lang='lat' dir='ltr'>N14⁶7¹„</span> 
     </span>
     <span class='ocr_line' id='line_1_19' title="bbox 259 2889 1582 3016; baseline -0.001 -35"><span class='ocrx_word' id='word_1_134' title='bbox 259 2917 334 2981; x_wconf 87' lang='lat' dir='ltr'>n’ra</span> <span class='ocrx_word' id='word_1_135' title='bbox 360 2915 442 2980; x_wconf 88' lang='lat' dir='ltr'>Coll.</span> <span class='ocrx_word' id='word_1_136' title='bbox 473 2914 598 2998; x_wconf 83' lang='lat' dir='ltr'>Ripon&#39;</span> <span class='ocrx_word' id='word_1_137' title='bbox 627 2920 661 2977; x_wconf 90' lang='lat' dir='ltr'>et</span> <span class='ocrx_word' id='word_1_138' title='bbox 689 2914 900 2998; x_wconf 88' lang='lat' dir='ltr'>prebendam</span> <span class='ocrx_word' id='word_1_139' title='bbox 927 2914 969 2978; x_wconf 89' lang='lat' dir='ltr'>de</span> <span class='ocrx_word' id='word_1_140' title='bbox 996 2915 1162 2998; x_wconf 85' lang='lat' dir='ltr'>Studelay</span> <span class='ocrx_word' id='word_1_141' title='bbox 1189 2915 1223 2980; x_wconf 92' lang='lat' dir='ltr'>in</span> <span class='ocrx_word' id='word_1_142' title='bbox 1250 2916 1371 2980; x_wconf 88' lang='lat' dir='ltr'>eadem</span> <span class='ocrx_word' id='word_1_143' title='bbox 1385 2889 1582 3016; x_wconf 42' lang='lat' dir='ltr'>Abpff&#39;vpssssfil„</span> 
     </span>
     <span class='ocr_line' id='line_1_20' title="bbox 259 3018 1369 3103; baseline -0.001 -18"><span class='ocrx_word' id='word_1_144' title='bbox 259 3025 424 3085; x_wconf 86' lang='lat' dir='ltr'>vacantes</span> <span class='ocrx_word' id='word_1_145' title='bbox 446 3024 480 3083; x_wconf 87' lang='lat' dir='ltr'>et</span> <span class='ocrx_word' id='word_1_146' title='bbox 503 3019 547 3083; x_wconf 91' lang='lat' dir='ltr'>ad</span> <span class='ocrx_word' id='word_1_147' title='bbox 569 3018 680 3083; x_wconf 91' lang='lat' dir='ltr'>n&#39;ram</span> <span class='ocrx_word' id='word_1_148' title='bbox 702 3018 925 3082; x_wconf 89' lang='lat' dir='ltr'>collacionem</span> <span class='ocrx_word' id='word_1_149' title='bbox 946 3018 1048 3103; x_wconf 88' lang='lat' dir='ltr'>pleno</span> <span class='ocrx_word' id='word_1_150' title='bbox 1070 3019 1141 3083; x_wconf 92' lang='lat' dir='ltr'>iure</span> <span class='ocrx_word' id='word_1_151' title='bbox 1163 3025 1369 3103; x_wconf 89' lang='lat' dir='ltr'>spectantes,</span> 
     </span>
     <span class='ocr_line' id='line_1_21' title="bbox 260 3122 1371 3214; baseline -0.001 -25"><span class='ocrx_word' id='word_1_152' title='bbox 260 3125 384 3190; x_wconf 86' lang='lat' dir='ltr'>dilecto</span> <span class='ocrx_word' id='word_1_153' title='bbox 403 3124 502 3214; x_wconf 87' lang='lat' dir='ltr'>nobis</span> <span class='ocrx_word' id='word_1_154' title='bbox 521 3123 556 3186; x_wconf 93' lang='lat' dir='ltr'>in</span> <span class='ocrx_word' id='word_1_155' title='bbox 577 3123 658 3206; x_wconf 93' lang='lat' dir='ltr'>Xpo</span> <span class='ocrx_word' id='word_1_156' title='bbox 678 3122 748 3186; x_wconf 91' lang='lat' dir='ltr'>filio</span> <span class='ocrx_word' id='word_1_157' title='bbox 768 3122 933 3207; x_wconf 87' lang='lat' dir='ltr'>Magistro</span> <span class='ocrx_word' id='word_1_158' title='bbox 953 3122 1095 3187; x_wconf 91' lang='lat' dir='ltr'>Fulconi</span> <span class='ocrx_word' id='word_1_159' title='bbox 1115 3125 1371 3210; x_wconf 86' lang='lat' dir='ltr'>Bermyngham</span> 
     </span>
     <span class='ocr_line' id='line_1_22' title="bbox 259 3227 1370 3312; baseline 0.001 -19"><span class='ocrx_word' id='word_1_160' title='bbox 259 3230 468 3294; x_wconf 91' lang='lat' dir='ltr'>contulimus</span> <span class='ocrx_word' id='word_1_161' title='bbox 484 3228 615 3292; x_wconf 91' lang='lat' dir='ltr'>intuitu</span> <span class='ocrx_word' id='word_1_162' title='bbox 632 3227 798 3302; x_wconf 88' lang='lat' dir='ltr'>caritatis,</span> <span class='ocrx_word' id='word_1_163' title='bbox 818 3228 1006 3312; x_wconf 89' lang='lat' dir='ltr'>Ipsumque</span> <span class='ocrx_word' id='word_1_164' title='bbox 1026 3283 1030 3290; x_wconf 94' lang='lat'>.</span> <span class='ocrx_word' id='word_1_165' title='bbox 1053 3280 1059 3293; x_wconf 90' lang='lat'><strong>.</strong></span> <span class='ocrx_word' id='word_1_166' title='bbox 1081 3281 1086 3293; x_wconf 94' lang='lat'>.</span> <span class='ocrx_word' id='word_1_167' title='bbox 1106 3229 1319 3294; x_wconf 89' lang='lat' dir='ltr'>instituimus</span> <span class='ocrx_word' id='word_1_168' title='bbox 1337 3237 1370 3294; x_wconf 89' lang='lat' dir='ltr'>et</span> 
     </span>
     <span class='ocr_line' id='line_1_23' title="bbox 260 3331 1370 3417; baseline 0.003 -19"><span class='ocrx_word' id='word_1_169' title='bbox 260 3332 505 3415; x_wconf 88' lang='lat' dir='ltr'>inuestimu(s)1</span> <span class='ocrx_word' id='word_1_170' title='bbox 532 3331 784 3417; x_wconf 88' lang='lat' dir='ltr'>presencialiter</span> <span class='ocrx_word' id='word_1_171' title='bbox 808 3332 843 3396; x_wconf 93' lang='lat' dir='ltr'>in</span> <span class='ocrx_word' id='word_1_172' title='bbox 869 3338 903 3395; x_wconf 90' lang='lat' dir='ltr'>et</span> <span class='ocrx_word' id='word_1_173' title='bbox 928 3332 970 3396; x_wconf 89' lang='lat' dir='ltr'>de</span> <span class='ocrx_word' id='word_1_174' title='bbox 995 3332 1133 3409; x_wconf 87' lang='lat' dir='ltr'>eisdem,</span> <span class='ocrx_word' id='word_1_175' title='bbox 1160 3334 1265 3398; x_wconf 89' lang='lat' dir='ltr'>Vobis</span> <span class='ocrx_word' id='word_1_176' title='bbox 1292 3387 1299 3400; x_wconf 91' lang='lat'><strong>.</strong></span> <span class='ocrx_word' id='word_1_177' title='bbox 1327 3387 1334 3401; x_wconf 93' lang='lat'><strong>.</strong></span> <span class='ocrx_word' id='word_1_178' title='bbox 1363 3388 1370 3402; x_wconf 89' lang='lat'><strong>.</strong></span> 
     </span>
     <span class='ocr_line' id='line_1_24' title="bbox 260 3436 1372 3521; baseline 0.002 -18"><span class='ocrx_word' id='word_1_179' title='bbox 260 3444 425 3503; x_wconf 86' lang='lat' dir='ltr'>vestrum.</span> <span class='ocrx_word' id='word_1_180' title='bbox 473 3437 555 3501; x_wconf 88' lang='lat' dir='ltr'>Dat.</span> <span class='ocrx_word' id='word_1_181' title='bbox 595 3437 670 3501; x_wconf 94' lang='lat' dir='ltr'>n&#39;ro</span> <span class='ocrx_word' id='word_1_182' title='bbox 707 3437 771 3501; x_wconf 89' lang='lat' dir='ltr'>sub</span> <span class='ocrx_word' id='word_1_183' title='bbox 809 3436 918 3521; x_wconf 83' lang='lat' dir='ltr'>sigillo</span> <span class='ocrx_word' id='word_1_184' title='bbox 955 3437 990 3501; x_wconf 92' lang='lat' dir='ltr'>in</span> <span class='ocrx_word' id='word_1_185' title='bbox 1028 3439 1181 3503; x_wconf 87' lang='lat' dir='ltr'>manerio</span> <span class='ocrx_word' id='word_1_186' title='bbox 1217 3440 1293 3504; x_wconf 89' lang='lat' dir='ltr'>n&#39;ro</span> <span class='ocrx_word' id='word_1_187' title='bbox 1330 3441 1372 3505; x_wconf 87' lang='lat' dir='ltr'>de</span> 
     </span>
     <span class='ocr_line' id='line_1_25' title="bbox 261 3532 1372 3624; baseline 0.002 -17"><span class='ocrx_word' id='word_1_188' title='bbox 261 3543 391 3624; x_wconf 85' lang='lat' dir='ltr'>Scroby</span> <span class='ocrx_word' id='word_1_189' title='bbox 418 3541 580 3604; x_wconf 86' lang='lat' dir='ltr'>vicesimo</span> <span class='ocrx_word' id='word_1_190' title='bbox 608 3541 756 3624; x_wconf 91' lang='lat' dir='ltr'>septimo</span> <span class='ocrx_word' id='word_1_191' title='bbox 785 3540 840 3603; x_wconf 93' lang='lat' dir='ltr'>die</span> <span class='ocrx_word' id='word_1_192' title='bbox 870 3532 996 3605; x_wconf 84' lang='lat' dir='ltr'>mensis</span> <span class='ocrx_word' id='word_1_193' title='bbox 1025 3542 1241 3618; x_wconf 90' lang='lat' dir='ltr'>Nouembris,</span> <span class='ocrx_word' id='word_1_194' title='bbox 1271 3545 1372 3609; x_wconf 85' lang='lat' dir='ltr'>Anno</span> 
     </span>
     <span class='ocr_line' id='line_1_26' title="bbox 261 3643 1372 3732; baseline 0.004 -22"><span class='ocrx_word' id='word_1_195' title='bbox 261 3646 342 3710; x_wconf 91' lang='lat' dir='ltr'>D&#39;ni</span> <span class='ocrx_word' id='word_1_196' title='bbox 371 3644 514 3708; x_wconf 91' lang='lat' dir='ltr'>Mill&#39;mo</span> <span class='ocrx_word' id='word_1_197' title='bbox 542 3643 881 3728; x_wconf 84' lang='lat' dir='ltr'>quadringentesimo</span> <span class='ocrx_word' id='word_1_198' title='bbox 910 3647 1121 3731; x_wconf 86' lang='lat' dir='ltr'>sexagesimo</span> <span class='ocrx_word' id='word_1_199' title='bbox 1149 3649 1306 3732; x_wconf 87' lang='lat' dir='ltr'>septim0,</span> <span class='ocrx_word' id='word_1_200' title='bbox 1337 3657 1372 3714; x_wconf 91' lang='lat' dir='ltr'>et</span> 
     </span>
     <span class='ocr_line' id='line_1_27' title="bbox 261 3747 1369 3837; baseline 0.006 -24"><span class='ocrx_word' id='word_1_201' title='bbox 261 3755 377 3814; x_wconf 91' lang='lat' dir='ltr'>nostre</span> <span class='ocrx_word' id='word_1_202' title='bbox 396 3747 634 3812; x_wconf 89' lang='lat' dir='ltr'>translacionis</span> <span class='ocrx_word' id='word_1_203' title='bbox 654 3768 745 3812; x_wconf 91' lang='lat' dir='ltr'>anno</span> <span class='ocrx_word' id='word_1_204' title='bbox 765 3749 880 3813; x_wconf 91' lang='lat' dir='ltr'>tercio.</span> <span class='ocrx_word' id='word_1_205' title='bbox 931 3749 1061 3832; x_wconf 82' lang='lat' dir='ltr'>(Forms</span> <span class='ocrx_word' id='word_1_206' title='bbox 1081 3751 1175 3816; x_wconf 79' lang='lat' dir='ltr'>asin</span> <span class='ocrx_word' id='word_1_207' title='bbox 1195 3752 1258 3818; x_wconf 88' lang='lat' dir='ltr'>No.</span> <span class='ocrx_word' id='word_1_208' title='bbox 1280 3755 1369 3837; x_wconf 84' lang='lat'><strong>325).</strong></span> 
     </span>
    </p>
   </div>
   <div class='ocr_carea' id='block_1_7' title="bbox 262 3901 1374 4710">
    <p class='ocr_par' dir='ltr' id='par_1_7' title="bbox 262 3901 1374 4710">
     <span class='ocr_line' id='line_1_28' title="bbox 351 3901 1372 3990; baseline 0.007 -24"><span class='ocrx_word' id='word_1_209' title='bbox 351 3902 450 3966; x_wconf 89' lang='lat' dir='ltr'>Istud</span> <span class='ocrx_word' id='word_1_210' title='bbox 466 3901 673 3965; x_wconf 88' lang='lat' dir='ltr'>mandatum</span> <span class='ocrx_word' id='word_1_211' title='bbox 690 3902 847 3967; x_wconf 90' lang='lat' dir='ltr'>exhibuit</span> <span class='ocrx_word' id='word_1_212' title='bbox 865 3904 1018 3989; x_wconf 85' lang='lat' dir='ltr'>Rogerus</span> <span class='ocrx_word' id='word_1_213' title='bbox 1035 3906 1189 3990; x_wconf 87' lang='lat' dir='ltr'>Pypwall</span> <span class='ocrx_word' id='word_1_214' title='bbox 1212 3908 1246 3972; x_wconf 94' lang='lat' dir='ltr'>in</span> <span class='ocrx_word' id='word_1_215' title='bbox 1269 3908 1372 3973; x_wconf 94' lang='lat' dir='ltr'>domo</span> 
     </span>
     <span class='ocr_line' id='line_1_29' title="bbox 262 4005 1371 4093; baseline 0.004 -21"><span class='ocrx_word' id='word_1_216' title='bbox 262 4008 343 4091; x_wconf 84' lang='lat' dir='ltr'>Cap.</span> <span class='ocrx_word' id='word_1_217' title='bbox 370 4005 494 4090; x_wconf 88' lang='lat' dir='ltr'>Ripon&#39;</span> <span class='ocrx_word' id='word_1_218' title='bbox 522 4006 557 4069; x_wconf 91' lang='lat' dir='ltr'>in</span> <span class='ocrx_word' id='word_1_219' title='bbox 590 4005 679 4069; x_wconf 82' lang='lat' dir='ltr'>festo</span> <span class='ocrx_word' id='word_1_220' title='bbox 719 4005 786 4071; x_wconf 85' lang='lat' dir='ltr'>S&#39;ci</span> <span class='ocrx_word' id='word_1_221' title='bbox 809 4006 945 4072; x_wconf 87' lang='lat' dir='ltr'>Andree</span> <span class='ocrx_word' id='word_1_222' title='bbox 978 4010 1124 4093; x_wconf 91' lang='lat' dir='ltr'>apostoli</span> <span class='ocrx_word' id='word_1_223' title='bbox 1157 4011 1258 4076; x_wconf 85' lang='lat' dir='ltr'>Anno</span> <span class='ocrx_word' id='word_1_224' title='bbox 1291 4014 1371 4078; x_wconf 89' lang='lat' dir='ltr'>D&#39;ni</span> 
     </span>
     <span class='ocr_line' id='line_1_30' title="bbox 263 4109 1371 4198; baseline 0.005 -21"><span class='ocrx_word' id='word_1_225' title='bbox 263 4112 304 4177; x_wconf 87' lang='grc' dir='ltr'>ΜΙ</span> <span class='ocrx_word' id='word_1_226' title='bbox 321 4109 523 4194; x_wconf 70' lang='lat' dir='ltr'>cccclxvijm⁰</span> <span class='ocrx_word' id='word_1_227' title='bbox 535 4111 666 4194; x_wconf 89' lang='lat' dir='ltr'>absque</span> <span class='ocrx_word' id='word_1_228' title='bbox 679 4110 796 4195; x_wconf 91' lang='lat' dir='ltr'>aliqua</span> <span class='ocrx_word' id='word_1_229' title='bbox 808 4113 1017 4177; x_wconf 89' lang='lat' dir='ltr'>auctoritate</span> <span class='ocrx_word' id='word_1_230' title='bbox 1033 4117 1277 4198; x_wconf 88' lang='lat' dir='ltr'>procuratoria.</span> <span class='ocrx_word' id='word_1_231' title='bbox 1325 4119 1371 4182; x_wconf 89' lang='lat' dir='ltr'>Et</span> 
     </span>
     <span class='ocr_line' id='line_1_31' title="bbox 262 4215 1370 4307; baseline 0.006 -27"><span class='ocrx_word' id='word_1_232' title='bbox 262 4218 297 4282; x_wconf 94' lang='lat' dir='ltr'>in</span> <span class='ocrx_word' id='word_1_233' title='bbox 325 4217 413 4280; x_wconf 85' lang='lat' dir='ltr'>festo</span> <span class='ocrx_word' id='word_1_234' title='bbox 440 4215 731 4279; x_wconf 87' lang='lat' dir='ltr'>Annunciacionis</span> <span class='ocrx_word' id='word_1_235' title='bbox 758 4216 860 4280; x_wconf 89' lang='lat' dir='ltr'>beate</span> <span class='ocrx_word' id='word_1_236' title='bbox 888 4217 993 4280; x_wconf 91' lang='lat' dir='ltr'>Marie</span> <span class='ocrx_word' id='word_1_237' title='bbox 1021 4224 1148 4284; x_wconf 91' lang='lat' dir='ltr'>extunc</span> <span class='ocrx_word' id='word_1_238' title='bbox 1175 4241 1271 4304; x_wconf 87' lang='lat' dir='ltr'>prox.</span> <span class='ocrx_word' id='word_1_239' title='bbox 1301 4243 1370 4307; x_wconf 89' lang='lat' dir='ltr'>seq.</span> 
     </span>
     <span class='ocr_line' id='line_1_32' title="bbox 262 4319 1372 4410; baseline 0.007 -26"><span class='ocrx_word' id='word_1_240' title='bbox 262 4322 353 4386; x_wconf 86' lang='lat' dir='ltr'>idem</span> <span class='ocrx_word' id='word_1_241' title='bbox 384 4320 537 4404; x_wconf 86' lang='lat' dir='ltr'>Rogerus</span> <span class='ocrx_word' id='word_1_242' title='bbox 568 4319 723 4402; x_wconf 88' lang='lat' dir='ltr'>Pypwall</span> <span class='ocrx_word' id='word_1_243' title='bbox 754 4321 911 4384; x_wconf 87' lang='lat' dir='ltr'>exhibuit</span> <span class='ocrx_word' id='word_1_244' title='bbox 941 4321 1068 4385; x_wconf 90' lang='lat' dir='ltr'>ibidem</span> <span class='ocrx_word' id='word_1_245' title='bbox 1098 4324 1267 4390; x_wconf 88' lang='lat' dir='ltr'>sufficiens</span> <span class='ocrx_word' id='word_1_246' title='bbox 1296 4347 1372 4410; x_wconf 91' lang='lat' dir='ltr'>pro·</span> 
     </span>
     <span class='ocr_line' id='line_1_33' title="bbox 262 4423 1373 4510; baseline 0.005 -20"><span class='ocrx_word' id='word_1_247' title='bbox 262 4424 473 4491; x_wconf 89' lang='lat' dir='ltr'>curatorium</span> <span class='ocrx_word' id='word_1_248' title='bbox 489 4423 554 4487; x_wconf 91' lang='lat' dir='ltr'>sibi</span> <span class='ocrx_word' id='word_1_249' title='bbox 571 4423 616 4487; x_wconf 89' lang='lat' dir='ltr'>ad</span> <span class='ocrx_word' id='word_1_250' title='bbox 633 4424 815 4508; x_wconf 88' lang='lat' dir='ltr'>recipiend.</span> <span class='ocrx_word' id='word_1_251' title='bbox 835 4431 871 4488; x_wconf 89' lang='lat' dir='ltr'>et</span> <span class='ocrx_word' id='word_1_252' title='bbox 888 4425 1064 4510; x_wconf 91' lang='lat' dir='ltr'>optinend.</span> <span class='ocrx_word' id='word_1_253' title='bbox 1084 4427 1321 4496; x_wconf 87' lang='lat' dir='ltr'>induccionem</span> <span class='ocrx_word' id='word_1_254' title='bbox 1338 4439 1373 4496; x_wconf 90' lang='lat' dir='ltr'>et</span> 
     </span>
     <span class='ocr_line' id='line_1_34' title="bbox 263 4527 1374 4621; baseline 0.006 -27"><span class='ocrx_word' id='word_1_255' title='bbox 263 4529 509 4615; x_wconf 88' lang='lat' dir='ltr'>possessionem</span> <span class='ocrx_word' id='word_1_256' title='bbox 540 4528 574 4592; x_wconf 92' lang='lat' dir='ltr'>in</span> <span class='ocrx_word' id='word_1_257' title='bbox 606 4527 820 4593; x_wconf 89' lang='lat' dir='ltr'>Canonicatu</span> <span class='ocrx_word' id='word_1_258' title='bbox 852 4535 886 4593; x_wconf 90' lang='lat' dir='ltr'>et</span> <span class='ocrx_word' id='word_1_259' title='bbox 918 4531 1090 4614; x_wconf 87' lang='lat' dir='ltr'>prebenda</span> <span class='ocrx_word' id='word_1_260' title='bbox 1122 4534 1283 4616; x_wconf 90' lang='lat' dir='ltr'>predictis</span> <span class='ocrx_word' id='word_1_261' title='bbox 1314 4558 1374 4621; x_wconf 87' lang='lat' dir='ltr'>per</span> 
     </span>
     <span class='ocr_line' id='line_1_35' title="bbox 263 4632 968 4710; baseline 0 -11"><span class='ocrx_word' id='word_1_262' title='bbox 263 4636 396 4699; x_wconf 90' lang='lat' dir='ltr'>dictum</span> <span class='ocrx_word' id='word_1_263' title='bbox 415 4633 459 4697; x_wconf 88' lang='lat' dir='ltr'>M.</span> <span class='ocrx_word' id='word_1_264' title='bbox 481 4632 669 4697; x_wconf 87' lang='lat' dir='ltr'>Fulconem</span> <span class='ocrx_word' id='word_1_265' title='bbox 689 4633 728 4697; x_wconf 91' lang='lat' dir='ltr'>B.</span> <span class='ocrx_word' id='word_1_266' title='bbox 749 4633 893 4710; x_wconf 83' lang='lat' dir='ltr'>iactum,</span> <span class='ocrx_word' id='word_1_267' title='bbox 914 4641 968 4700; x_wconf 78' lang='lat' dir='ltr'>etc.</span> 
     </span>
    </p>
   </div>
   <div class='ocr_carea' id='block_1_8' title="bbox 273 4749 698 4768">
    <p class='ocr_par' dir='ltr' id='par_1_8' title="bbox 273 4749 698 4768">
     <span class='ocr_line' id='line_1_36' title="bbox 273 4749 698 4768; baseline -0.005 -2"><span class='ocrx_word' id='word_1_268' title='bbox 273 4749 698 4768; x_wconf 61' lang='lat'>——-.—.‡—.—.—</span> 
     </span>
    </p>
   </div>
   <div class='ocr_carea' id='block_1_9' title="bbox 335 4811 531 4863">
    <p class='ocr_par' dir='ltr' id='par_1_9' title="bbox 335 4811 531 4863">
     <span class='ocr_line' id='line_1_37' title="bbox 335 4811 531 4863; baseline -0.02 0"><span class='ocrx_word' id='word_1_269' title='bbox 335 4817 343 4840; x_wconf 90' lang='lat'><em>¹</em></span> <span class='ocrx_word' id='word_1_270' title='bbox 362 4812 421 4863; x_wconf 86' lang='lat' dir='ltr'>Not</span> <span class='ocrx_word' id='word_1_271' title='bbox 433 4812 462 4860; x_wconf 92' lang='lat' dir='ltr'>in</span> <span class='ocrx_word' id='word_1_272' title='bbox 475 4811 531 4860; x_wconf 88' lang='lat' dir='ltr'>MS.</span> 
     </span>
    </p>
   </div>
   <div class='ocr_carea' id='block_1_10' title="bbox 0 0 1703 5650">
    <p class='ocr_par' dir='ltr' id='par_1_10' title="bbox 0 0 1703 5650">
     <span class='ocr_line' id='line_1_38' title="bbox 0 0 1703 5650; baseline 0 0"><span class='ocrx_word' id='word_1_273' title='bbox 0 0 1703 5650; x_wconf 95' lang='lat' dir='ltr'> </span> 
     </span>
    </p>
   </div>
  </div>
 </body>
</html>
