3392 5650
360 679 422 744 186
644 683 722 747 Tur
748 683 904 747 Iuonssr
928 682 1175 746 Mnuuscnu’r.

357 859 427 922 suis
443 860 635 944 ordinarijs,
653 861 840 926 remedium
857 861 1080 945 implorantes
1096 859 1187 924 vnde
1203 860 1294 924 idem
1311 860 1470 945 Rogerus

357 963 497 1047 Waryn,
524 965 720 1049 capellanus
744 965 897 1030 cantorie
923 966 995 1030 S’ce
1020 964 1199 1029 Trinitatis
1224 985 1339 1030 coram
1364 963 1469 1029 dictis

358 1069 551 1133 reuerendis
576 1070 748 1134 canonicis
773 1092 813 1134 ac
838 1071 946 1134 eciam
971 1070 1091 1134 ceteris
1116 1069 1280 1133 ministris
1306 1068 1468 1133 omnibus

358 1171 392 1235 in
414 1172 508 1236 dicto
530 1173 633 1238 domo
655 1174 843 1258 Capitulari
866 1174 1090 1259 personaliter
1110 1194 1311 1258 comparens
1332 1173 1468 1238 dictum

358 1278 541 1342 annualem
580 1278 753 1343 redditum
792 1278 870 1362 iiij0r
911 1278 1097 1343 solidorum
1136 1299 1197 1362 pro
1235 1278 1329 1343 dicto
1367 1277 1469 1343 obitu

359 1381 515 1466 Hugonis
547 1382 589 1446 de
623 1382 812 1447 Rotheram
845 1384 975 1448 soluere
1008 1382 1143 1467 puplice
1176 1383 1362 1458 fatebatur,
1396 1403 1468 1447 non

359 1491 475 1549 tamen
497 1487 561 1550 sub
583 1488 647 1551 hac
669 1488 779 1552 forma
800 1509 871 1571 qua
892 1508 952 1571 per
973 1487 1083 1551 dictos
1104 1486 1249 1552 vicarios
1270 1487 1466 1571 petebatur.

358 1589 458 1653 Unde
498 1598 618 1675 postea
659 1592 772 1676 sepius
812 1591 974 1676 deligenti
1014 1591 1271 1656 examinacione
1311 1590 1468 1676 parcium

357 1694 488 1771 habita,
513 1717 716 1781 summaque
739 1695 987 1760 deliberacione
1010 1703 1044 1760 et
1067 1696 1232 1761 librorum
1255 1695 1469 1780 inspectione

358 1820 397 1862 ac
427 1800 535 1864 eciam
565 1801 761 1883 sapientum
792 1800 934 1866 concilio
965 1800 1149 1875 mediante,
1181 1821 1223 1864 ex
1254 1820 1393 1864 assensu
1432 1805 1469 1864 et

357 1924 524 1968 consensu
556 1905 720 1989 parcium,
754 1905 919 1989 magistro
951 1905 1084 1968 Thoma
1124 1904 1250 1988 Bryan,
1291 1904 1468 1981 canonicO,

358 2007 500 2072 absente
536 2015 570 2072 et
606 2009 641 2073 in
678 2010 817 2073 remotis
854 2015 987 2094 agente,
1025 2008 1180 2093 prefatus
1216 2009 1325 2094 Mag'r
1359 2008 1470 2072 Will's

358 2112 515 2196 Scroope‚
537 2113 721 2178 canonicus
742 2120 777 2177 et
798 2114 926 2177 ibidem
947 2112 1206 2177 residenciarius
1226 2118 1266 2177 vt
1287 2113 1468 2197 prefertur,

358 2216 432 2279 vice
453 2223 487 2280 et
509 2218 717 2282 auctoritate
739 2218 888 2303 Capituli
910 2218 944 2282 in
965 2218 1069 2282 domo
1090 2217 1280 2302 Capitulari
1301 2217 1468 2301 predict0,

358 2320 426 2384 tale
464 2317 639 2386 decretum
680 2322 861 2386 diffinitiue
908 2322 1014 2397 dedit,
1054 2322 1192 2398 statuit,
1232 2328 1267 2385 et
1304 2322 1468 2398 decreuit,

357 2424 515 2489 videlicet
535 2433 574 2490 vt
594 2427 749 2510 prefatus
769 2426 923 2511 Rogerus
943 2427 1084 2510 Waryn,
1114 2426 1195 2510 Cap.
1227 2427 1364 2491 Cantar.
1394 2426 1468 2491 S'ce

356 2528 535 2594 Trinitatis
568 2531 627 2615 qui
661 2552 752 2595 nunc
785 2537 848 2606 est,
883 2537 917 2595 et
951 2551 1162 2595 successores
1194 2530 1246 2595 sui
1279 2531 1314 2595 in
1333 2531 1469 2595 eadem

356 2633 519 2699 Cantaria
543 2636 774 2711 succedentes,
801 2636 913 2700 soluet
938 2642 973 2699 et
999 2636 1135 2700 soluent
1162 2636 1342 2700 annuatim
1368 2635 1469 2700 dictis

356 2738 494 2824 vicarijs
519 2741 622 2804 modo
647 2741 875 2804 existentibus
901 2746 935 2804 et
960 2740 1212 2804 successoribus
1237 2740 1306 2804 suis
1331 2739 1469 2824 vicarijs

360 2865 422 2928 pro
440 2846 539 2910 obitu
557 2846 641 2909 dicti
660 2846 816 2931 Hugonis
835 2845 1026 2909 Rotheram
1045 2844 1079 2909 in
1099 2844 1153 2908 die
1172 2845 1287 2909 obitus
1305 2844 1468 2921 eiusdem,

361 2949 520 3014 videlicet
546 2949 660 3034 xxvij0
685 2949 739 3013 die
765 2950 890 3013 mensis
916 2949 1025 3033 Junij‚
1054 2949 1140 3013 duos
1166 2948 1302 3026 solidos
1330 2949 1470 3014 cuilibet

363 3053 490 3118 vicario
516 3054 613 3138 iiijd.,
641 3061 676 3118 et
702 3054 823 3118 ceteris
849 3054 1015 3118 ministris
1041 3053 1179 3117 ecclesie
1205 3053 1357 3138 predicte
1383 3053 1470 3118 duos

362 3158 487 3222 solidos
524 3159 588 3223 sub
624 3159 768 3243 antiqua
805 3159 916 3223 forma
952 3179 1013 3242 pro
1055 3157 1222 3222 diuisione
1264 3158 1469 3243 subscripta,

362 3262 521 3327 videlicet
558 3263 697 3327 cuilibet
734 3263 879 3327 diacono
916 3261 992 3346 ijd.⁴
1015 3269 1049 3326 et
1086 3262 1297 3327 subdiacono
1329 3262 1402 3346 ijd,
1434 3262 1471 3328 in

363 3367 539 3431 oblacione
561 3367 606 3431 ad
628 3366 778 3442 missam,
802 3367 863 3450 jd,
885 3366 1013 3431 vicario
1032 3367 1172 3430 missam
1192 3366 1388 3443 celebranti,
1408 3366 1469 3450 jd,

363 3471 507 3535 diacono
517 3470 578 3554 jd,
590 3477 624 3535 et
635 3471 844 3535 subdiacono
855 3470 916 3554 jd,
928 3470 949 3554 ij
955 3473 1000 3516 bus
1010 3470 1199 3554 ceroferarij
1204 3492 1220 3534 s
1231 3470 1292 3554 jd,
1303 3470 1471 3557 mergula-

363 3575 413 3639 rio
438 3582 472 3639 et
497 3575 588 3639 socio
612 3596 674 3639 suo
699 3595 885 3658 campanas
910 3574 1061 3659 pulsant.
1088 3575 1160 3659 ijd,
1186 3596 1319 3640 necnon
1344 3575 1472 3640 fabrice

363 3680 500 3744 ecclesie
541 3679 625 3763 iiijd.
696 3680 809 3763 Quam
850 3679 991 3764 quidem
1034 3680 1180 3743 formam
1222 3680 1471 3765 assequendam

363 3784 551 3848 secundum
565 3783 659 3867 quod
673 3783 766 3847 dicto
781 3784 968 3848 reuerendo
982 3784 1146 3868 magistro
1160 3783 1310 3849 Will’mo
1325 3784 1473 3869 Scroope

363 3889 451 3953 inest
475 3887 640 3952 iudicium
665 3894 748 3952 tunc
772 3908 834 3971 pro
859 3888 1008 3971 presenti
1033 3909 1074 3952 ex
1099 3909 1266 3952 consensu
1289 3889 1471 3954 ambarum

363 3992 517 4078 parcium
529 3999 568 4056 vt
581 3993 760 4076 prefertur,
773 4012 816 4056 ne
828 3991 934 4056 instet
945 3992 1170 4077 imposterum
1182 3992 1252 4056 vlla
1263 3993 1472 4078 ambiguitas

363 4099 453 4162 inter
465 4103 580 4180 partes
593 4097 861 4180 prenominatas,
876 4097 952 4161 vult
966 4096 1059 4161 illam
1073 4097 1254 4181 antiquam
1268 4097 1471 4162 diuisionem

363 4201 606 4267 inuiolabiliter
631 4201 804 4265 obseruari
826 4201 1078 4284 inperpetuum,
1103 4208 1271 4285 tanquam
1295 4200 1471 4267 decretum
1529 4200 1535 4211 ’

364 4327 426 4392 pro
451 4327 486 4370 se
512 4305 653 4370 factum.
701 4305 955 4369 Determinacio
980 4306 1086 4390 ipsius
1111 4305 1238 4370 decreti
1264 4305 1330 4371 fuit
1355 4306 1391 4371 in
1415 4306 1471 4371 die

365 4409 605 4495 Concepcionis
640 4410 692 4474 be.
730 4409 835 4474 Marie
870 4409 1028 4495 Virginis,
1064 4409 1166 4474 Anno
1201 4410 1281 4474 D’ni
1318 4410 1472 4476 Mill'imo

364 4525 478 4581 cccc⁰²⁰
499 4515 550 4578 xl⁰
570 4514 655 4598 iiij‘0.
703 4514 781 4597 Hijs
802 4514 1018 4598 presentibus
1039 4521 1074 4577 et
1096 4515 1242 4578 testibus
1263 4521 1298 4578 et
1319 4515 1354 4579 in
1376 4515 1472 4579 testi-

364 4620 519 4685 monium
558 4619 750 4702 specialiter
789 4618 972 4702 requisitis
1015 4619 1144 4703 Mag’ro
1185 4618 1284 4683 Ric’o
1323 4619 1471 4695 Morton,

365 4723 536 4790 Canonico
560 4724 705 4808 prefato,
730 4722 819 4786 d’nis
844 4722 993 4786 Henrico
1018 4722 1119 4798 Coke‚
1146 4723 1274 4788 Rob’to
1299 4723 1471 4809 Morpath‚

365 4829 467 4916 Joh’e
486 4828 689 4913 Frankysse,
709 4827 811 4911 Joh'e
831 4827 967 4912 Rycby,
988 4848 1067 4892 curn
1087 4827 1173 4912 alijs.
