3392 5650
272 704 314 782 58
547 698 632 764 Tua
659 699 813 765 lucrino
840 699 1100 766 Maunscnrrr.

268 878 362 961 pred.
387 883 514 942 terram
535 878 699 964 stringere
721 885 755 942 et
777 878 1010 943 districciones
1032 880 1176 944 retinere
1197 900 1259 964 pro
1280 879 1379 944 firma

268 983 424 1066 predicta
462 983 624 1067 quociens
664 1002 749 1066 opus
788 982 891 1047 fuerit
930 984 1002 1048 sine
1041 985 1285 1049 reclamacione
1324 985 1379 1049 vel

268 1086 503 1171 inpedimento
525 1087 619 1172 pred.
646 1086 785 1151 Patricii
808 1093 843 1152 et
867 1090 936 1152 her.
961 1110 1101 1154 suorum
1124 1090 1179 1153 vel
1202 1090 1325 1175 assign.
1350 1111 1377 1154 s,

270 1192 309 1255 In
329 1192 425 1256 cuius
441 1192 488 1256 rei
505 1198 584 1255 test.
602 1191 694 1275 parti
711 1211 813 1275 penes
830 1193 924 1277 pred.
944 1194 1036 1258 Patr.
1056 1195 1248 1259 remanenti
1264 1195 1378 1259 dictus

269 1296 354 1382 Rog'
380 1297 422 1361 de
446 1297 537 1360 Caue
560 1296 657 1380 sigili.
683 1317 708 1360 s.
735 1316 805 1359 vna
825 1318 904 1362 cum
928 1298 1036 1383 sigillo
1059 1299 1208 1382 Capituli
1232 1300 1376 1383 predicti

134 1405 136 1409 ’
268 1401 439 1485 apposuit.
488 1402 583 1465 Parti
610 1421 692 1465 vero
718 1422 785 1485 que
812 1422 917 1484 penes
944 1402 1076 1467 dictum
1104 1403 1189 1488 Rog'
1218 1403 1260 1467 de
1287 1402 1378 1467 Caue

267 1511 421 1569 remanet
462 1505 556 1589 pred.
601 1504 693 1569 Patr.
737 1505 885 1589 sigillum
926 1527 1027 1571 suum
1069 1508 1240 1592 apposuit.
1303 1508 1378 1573 Hiis

267 1608 425 1683 testibus,
464 1608 552 1672 d’nis
589 1609 719 1693 Mag'ro
755 1608 889 1675 Thoma
925 1612 967 1675 de
1003 1612 1173 1688 Wakfeld,
1212 1613 1297 1696 Rog.
1336 1613 1378 1678 de

268 1713 405 1797 Ripon',
435 1713 624 1788 Canonieis,
653 1713 754 1796 Joh'e
781 1713 824 1777 de
853 1715 1042 1800 Stapiliord
1070 1721 1153 1781 tunc
1180 1716 1309 1781 balliuo
1336 1717 1378 1781 de

267 1818 405 1901 Ripon’,
441 1818 555 1882 Will'o
590 1818 632 1882 de
667 1817 830 1894 Cluther’‚
867 1820 980 1885 Will’o
1015 1822 1173 1897 tinctore,
1211 1822 1298 1886 Rob.
1336 1822 1378 1886 de

267 1923 388 1998 Miton,
413 1922 567 1987 Bemard
589 1923 631 1987 de
655 1922 839 2006 Swaynby,
864 1931 898 1989 et
921 1926 1005 1990 aliis.
1053 1927 1134 1991 Dat.
1160 1927 1214 1991 die
1237 1928 1378 1992 Veneris

267 2048 363 2112 prox.
380 2034 460 2092 ante
474 2028 601 2092 festum
615 2027 681 2091 S'ci
695 2025 848 2112 Gregorii
861 2047 960 2111 pape.
1008 2027 1109 2092 Anno
1124 2028 1225 2092 Dom.
1240 2040 1291 2092 m0
1301 2041 1380 2092 cc¹¹¹0

268 2132 478 2218 octogesimo
495 2132 629 2217 quinto.

419 2326 483 2409 (77)
511 2326 567 2389 Du
591 2341 773 2388 cAnrAmA
795 2341 945 2389 ALrArus
970 2325 1040 2389 S’cr
1064 2326 1231 2390 Annuus.

357 2480 526 2544 Nouerint
556 2480 706 2544 vniuersi
737 2485 810 2542 tam
840 2500 927 2562 pres
959 2501 1065 2564 quam
1096 2480 1159 2544 fut.
1192 2479 1286 2565 quod
1317 2502 1378 2565 ego

269 2586 377 2650 Will’s
396 2586 438 2649 de
457 2586 558 2650 Lard'
578 2586 623 2649 fil.
645 2585 789 2650 Cristine
808 2585 851 2650 dc
870 2585 995 2668 Ripon'
1016 2584 1105 2659 dedi,
1125 2605 1219 2648 conc.
1241 2590 1275 2648 et
1294 2606 1327 2669 p.
1348 2607 1376 2650 c.

268 2691 357 2755 coni.
374 2690 513 2774 Hugoni
526 2689 703 2773 capellano
717 2696 751 2753 et
764 2710 853 2753 succ.
869 2709 894 2753 S.
910 2688 1094 2772 capellanis
1107 2689 1379 2753 deseruientibus

270 2796 370 2861 altari
388 2795 453 2861 S'ci
471 2794 606 2860 Andree
624 2795 658 2859 in
676 2795 755 2859 ecci.
775 2795 817 2860 de
836 2792 961 2877 Ripon’
981 2798 1015 2856 et
1032 2792 1160 2857 ibidem
1178 2792 1378 2859 celebranti-

269 2903 333 2966 bus
373 2901 492 2965 diuina
531 2921 593 2983 pro
632 2900 790 2964 fidelibus
829 2897 1012 2968 defunctis,
1053 2898 1113 2961 vni
1153 2903 1232 2978 post
1273 2897 1379 2962 alium

269 3006 468 3081 successim,
488 3006 523 3070 in
541 3026 634 3089 perp.
655 3005 708 3080 el.,
728 3010 840 3069 totam
859 3008 986 3066 terram
1004 3022 1117 3066 meam
1135 3023 1237 3085 super
1257 2999 1309 3085 (26
1328 3004 1375 3085 v.)

270 3112 402 3195 Speltre
420 3131 526 3195 quarn
545 3131 606 3194 ego
625 3108 721 3174 tenui
739 3110 781 3174 de
800 3107 926 3191 Joh’ne
944 3106 986 3169 de
1005 3105 1162 3181 Lanum;
1189 3104 1379 3170 Reddendo

268 3211 348 3280 inde
372 3214 553 3279 annuatim
577 3213 687 3278 eidem
712 3213 805 3295 Joh’i
830 3213 958 3275 ether.
984 3230 1009 3273 s.
1036 3230 1095 3272 sex
1120 3210 1209 3285 den,
1235 3210 1307 3294 iijd.
1334 3210 1379 3274 ad

270 3321 293 3384 i.
319 3320 351 3384 S.
378 3320 422 3383 M.
448 3324 482 3382 et
506 3318 579 3402 iijd.
607 3318 651 3382 ad
679 3319 790 3388 Pent.‚
814 3336 877 3400 pro
904 3336 995 3379 omn.
1021 3335 1108 3379 serv.
1134 3321 1169 3378 et
1197 3317 1378 3380 exaccione

269 3424 422 3489 seculari.
470 3424 544 3508 Ego
562 3423 669 3486 eciam
687 3422 796 3486 Will's
814 3419 893 3484 dedi
912 3427 946 3482 et
964 3439 1058 3482 conc.
1079 3424 1114 3482 et
1131 3418 1164 3482 h.
1185 3439 1218 3502 p.
1239 3440 1266 3483 c.
1287 3420 1376 3484 coni.

269 3528 363 3612 pred.
386 3527 525 3612 Hugoni
545 3535 580 3589 et
600 3547 689 3590 succ.
711 3545 737 3589 s,
760 3524 1006 3609 prenominatis
1026 3524 1061 3587 in
1081 3544 1175 3607 perp.
1198 3524 1251 3599 el„
1272 3545 1378 3589 vnam

270 3633 390 3697 rodam
420 3637 455 3695 et
485 3629 664 3694 dimidiam
695 3635 782 3693 terre
812 3650 891 3693 cum
921 3629 1108 3712 pertinenc.
1141 3649 1208 3713 que
1238 3629 1378 3694 fuerunt

270 3737 412 3801 Matilde
435 3735 551 3818 Discy,
575 3755 642 3819 que
665 3734 778 3798 iacent
801 3753 904 3817 super
926 3733 1117 3797 Branteker
1139 3733 1228 3797 inter
1251 3738 1378 3797 terram

269 3863 336 3926 que
355 3841 422 3906 fuit
440 3839 512 3904 d’ni
531 3839 644 3903 Nich'i
662 3839 704 3902 de
724 3838 857 3913 Hewik,
876 3838 1006 3913 militis,
1026 3844 1061 3901 et
1080 3843 1292 3923 terramque
1311 3839 1378 3902 iuit

270 3946 388 4029 Ruffy,
418 3950 452 4007 et
480 3942 657 4027 protendit
685 3962 720 4005 se
749 3942 783 4005 in
811 3942 951 4029 longum
980 3964 1088 4027 vsque
1117 3943 1161 4010 ad
1189 3943 1283 4008 viam
1310 3965 1378 4029 que

269 4056 415 4116 vocatur
441 4049 618 4132 Kirkegat.
666 4048 740 4131 Ego
765 4047 873 4112 eciam
898 4048 1006 4113 Will’s
1032 4048 1121 4123 dedi,
1148 4068 1255 4122 conc,
1283 4054 1318 4112 et
1342 4049 1376 4113 h.

269 4179 302 4241 p.
327 4177 355 4220 c.
382 4155 470 4218 coni.
496 4153 590 4237 pred.
617 4153 755 4236 Hugoni
780 4157 814 4215 et
838 4153 1087 4218 successoribus
1111 4153 1317 4236 prescriptis,
1343 4155 1378 4218 in

268 4282 362 4346 perp.
392 4260 444 4334 ei,
473 4259 566 4322 illam
592 4257 771 4321 dimidiam
798 4279 913 4322 acram
940 4265 1028 4322 terre
1054 4278 1133 4322 cum
1159 4258 1378 4341 pertinenciis

269 4386 371 4449 super
395 4363 527 4447 Speltre
551 4383 657 4446 quam
682 4361 795 4425 dictus
821 4361 938 4426 Nich's
963 4363 1058 4426 dedit
1084 4363 1211 4427 fabrice
1237 4364 1315 4429 eccl.
1343 4367 1376 4430 b.

269 4469 439 4543 Wiliridi;
466 4467 655 4531 Reddendo
683 4466 761 4530 inde
793 4467 973 4530 annuatim
1004 4466 1114 4530 eidem
1145 4467 1273 4532 fabrice
1303 4468 1376 4552 ijd.,

269 4596 377 4639 vnum
403 4573 446 4637 ad
470 4573 493 4636 f.
521 4572 553 4635 S.
575 4571 619 4634 M.
644 4578 678 4634 et
700 4592 807 4635 vnum
830 4571 875 4634 ad
898 4572 995 4634 Pent.
1043 4571 1117 4655 Ego
1139 4573 1247 4637 eciam
1269 4574 1378 4638 Will's

269 4681 359 4755 dedi,
385 4698 478 4742 conc.
505 4683 539 4739 et
564 4677 596 4740 h.
614 4697 647 4759 p.
666 4697 694 4739 c.
719 4676 808 4740 conf.
834 4675 989 4759 predicto
1014 4676 1153 4761 Hugoni
1177 4683 1211 4740 et
1233 4699 1322 4743 succ.
1349 4700 1374 4744 s.

269 4783 476 4871 prescriptis,
499 4782 583 4846 illud
605 4781 734 4845 toftum
756 4781 789 4845 in
813 4781 1037 4865 Staynbrigat
1056 4781 1151 4866 quod
1167 4783 1233 4848 fuit
1250 4783 1375 4862 Nades,
