<?xml version="1.0" encoding="UTF-8"?>
<!DOCTYPE html PUBLIC "-//W3C//DTD XHTML 1.0 Transitional//EN"
    "http://www.w3.org/TR/xhtml1/DTD/xhtml1-transitional.dtd">
<html xmlns="http://www.w3.org/1999/xhtml" xml:lang="en" lang="en">
 <head>
  <title>
</title>
<meta http-equiv="Content-Type" content="text/html;charset=utf-8" />
  <meta name='ocr-system' content='tesseract 3.04.00' />
  <meta name='ocr-capabilities' content='ocr_page ocr_carea ocr_par ocr_line ocrx_word'/>
</head>
<body>
  <div class='ocr_page' id='page_1' title='image "./memorialschurch01fowlgoog_0111.png"; bbox 0 0 3392 5650; ppageno 0'>
   <div class='ocr_carea' id='block_1_1' title="bbox 636 724 1310 809">
    <p class='ocr_par' dir='ltr' id='par_1_1' title="bbox 636 724 1310 809">
     <span class='ocr_line' id='line_1_1' title="bbox 636 724 1310 809; baseline -0.004 -17"><span class='ocrx_word' id='word_1_1' title='bbox 636 725 867 792; x_wconf 75' lang='lat' dir='ltr'>Cnnromnv.</span> <span class='ocrx_word' id='word_1_2' title='bbox 1268 724 1310 809; x_wconf 83' lang='lat'>69</span> 
     </span>
    </p>
   </div>
   <div class='ocr_carea' id='block_1_2' title="bbox 534 906 984 989">
    <p class='ocr_par' dir='ltr' id='par_1_2' title="bbox 534 906 984 989">
     <span class='ocr_line' id='line_1_2' title="bbox 534 906 984 989; baseline -0.004 -16"><span class='ocrx_word' id='word_1_3' title='bbox 534 906 600 989; x_wconf 76' lang='lat'>(98)</span> <span class='ocrx_word' id='word_1_4' title='bbox 627 906 748 971; x_wconf 77' lang='lat' dir='ltr'>Caura</span> <span class='ocrx_word' id='word_1_5' title='bbox 773 924 821 971; x_wconf 80' lang='lat' dir='ltr'>uu</span> <span class='ocrx_word' id='word_1_6' title='bbox 846 923 984 971; x_wconf 81' lang='lat' dir='ltr'>uoonn.</span> 
     </span>
    </p>
   </div>
   <div class='ocr_carea' id='block_1_3' title="bbox 94 1047 1489 2900">
    <p class='ocr_par' dir='ltr' id='par_1_3' title="bbox 202 1047 1489 2698">
     <span class='ocr_line' id='line_1_3' title="bbox 290 1047 1489 1133; baseline -0.006 -21"><span class='ocrx_word' id='word_1_7' title='bbox 290 1047 342 1112; x_wconf 87' lang='lat' dir='ltr'>Sc.</span> <span class='ocrx_word' id='word_1_8' title='bbox 364 1070 454 1112; x_wconf 92' lang='lat' dir='ltr'>omn.</span> <span class='ocrx_word' id='word_1_9' title='bbox 477 1054 550 1113; x_wconf 89' lang='lat' dir='ltr'>tam</span> <span class='ocrx_word' id='word_1_10' title='bbox 569 1070 619 1133; x_wconf 89' lang='lat' dir='ltr'>pr.</span> <span class='ocrx_word' id='word_1_11' title='bbox 640 1070 746 1133; x_wconf 88' lang='lat' dir='ltr'>quam</span> <span class='ocrx_word' id='word_1_12' title='bbox 766 1049 830 1114; x_wconf 83' lang='grc'>1111.</span> <span class='ocrx_word' id='word_1_13' title='bbox 852 1048 946 1133; x_wconf 94' lang='lat' dir='ltr'>quod</span> <span class='ocrx_word' id='word_1_14' title='bbox 965 1069 1026 1133; x_wconf 85' lang='lat' dir='ltr'>ego</span> <span class='ocrx_word' id='word_1_15' title='bbox 1045 1048 1177 1113; x_wconf 88' lang='lat' dir='ltr'>Aldusa</span> <span class='ocrx_word' id='word_1_16' title='bbox 1194 1047 1311 1122; x_wconf 85' lang='lat' dir='ltr'>vidua,</span> <span class='ocrx_word' id='word_1_17' title='bbox 1373 1056 1489 1105; x_wconf 77' lang='lat'>0·1233·</span> 
     </span>
     <span class='ocr_line' id='line_1_4' title="bbox 202 1150 1311 1237; baseline -0.003 -20"><span class='ocrx_word' id='word_1_18' title='bbox 202 1153 380 1237; x_wconf 88' lang='lat' dir='ltr'>quondam</span> <span class='ocrx_word' id='word_1_19' title='bbox 398 1174 487 1217; x_wconf 87' lang='lat' dir='ltr'>vxor</span> <span class='ocrx_word' id='word_1_20' title='bbox 504 1153 624 1217; x_wconf 87' lang='lat' dir='ltr'>Rob&#39;ti</span> <span class='ocrx_word' id='word_1_21' title='bbox 642 1154 788 1237; x_wconf 86' lang='lat' dir='ltr'>Sweiny‚</span> <span class='ocrx_word' id='word_1_22' title='bbox 807 1153 886 1217; x_wconf 93' lang='lat' dir='ltr'>dedi</span> <span class='ocrx_word' id='word_1_23' title='bbox 904 1154 987 1217; x_wconf 90' lang='lat' dir='ltr'>eth.</span> <span class='ocrx_word' id='word_1_24' title='bbox 1006 1174 1038 1237; x_wconf 93' lang='lat' dir='ltr'>p.</span> <span class='ocrx_word' id='word_1_25' title='bbox 1054 1174 1081 1217; x_wconf 94' lang='lat' dir='ltr'>c.</span> <span class='ocrx_word' id='word_1_26' title='bbox 1097 1152 1186 1217; x_wconf 86' lang='lat' dir='ltr'>coni.</span> <span class='ocrx_word' id='word_1_27' title='bbox 1205 1150 1311 1216; x_wconf 88' lang='lat' dir='ltr'>Galir.</span> 
     </span>
     <span class='ocr_line' id='line_1_5' title="bbox 202 1256 1312 1344; baseline -0.003 -23"><span class='ocrx_word' id='word_1_28' title='bbox 202 1257 244 1321; x_wconf 85' lang='lat' dir='ltr'>de.</span> <span class='ocrx_word' id='word_1_29' title='bbox 258 1257 386 1322; x_wconf 90' lang='lat' dir='ltr'>Larder</span> <span class='ocrx_word' id='word_1_30' title='bbox 398 1257 526 1322; x_wconf 82' lang='lat' dir='ltr'>Canon.</span> <span class='ocrx_word' id='word_1_31' title='bbox 542 1258 583 1322; x_wconf 91' lang='lat' dir='ltr'>de</span> <span class='ocrx_word' id='word_1_32' title='bbox 598 1258 712 1342; x_wconf 93' lang='lat' dir='ltr'>Ripon</span> <span class='ocrx_word' id='word_1_33' title='bbox 725 1263 760 1321; x_wconf 90' lang='lat' dir='ltr'>et</span> <span class='ocrx_word' id='word_1_34' title='bbox 773 1258 803 1321; x_wconf 91' lang='lat' dir='ltr'>ei</span> <span class='ocrx_word' id='word_1_35' title='bbox 816 1258 871 1322; x_wconf 90' lang='lat' dir='ltr'>eui</span> <span class='ocrx_word' id='word_1_36' title='bbox 884 1258 956 1342; x_wconf 92' lang='lat' dir='ltr'>ipse</span> <span class='ocrx_word' id='word_1_37' title='bbox 969 1257 1140 1344; x_wconf 83' lang='lat' dir='ltr'>assignare</span> <span class='ocrx_word' id='word_1_38' title='bbox 1153 1256 1312 1330; x_wconf 88' lang='lat' dir='ltr'>voluerit,</span> 
     </span>
     <span class='ocr_line' id='line_1_6' title="bbox 202 1360 1314 1446; baseline -0.003 -20"><span class='ocrx_word' id='word_1_39' title='bbox 202 1362 284 1426; x_wconf 93' lang='lat' dir='ltr'>dim.</span> <span class='ocrx_word' id='word_1_40' title='bbox 314 1362 444 1426; x_wconf 79' lang='lat' dir='ltr'>toftum</span> <span class='ocrx_word' id='word_1_41' title='bbox 471 1362 565 1446; x_wconf 93' lang='lat' dir='ltr'>quod</span> <span class='ocrx_word' id='word_1_42' title='bbox 593 1368 693 1427; x_wconf 92' lang='lat' dir='ltr'>teneo</span> <span class='ocrx_word' id='word_1_43' title='bbox 717 1362 759 1425; x_wconf 90' lang='lat' dir='ltr'>de</span> <span class='ocrx_word' id='word_1_44' title='bbox 786 1362 944 1426; x_wconf 88' lang='lat' dir='ltr'>Aldelmo</span> <span class='ocrx_word' id='word_1_45' title='bbox 971 1362 1077 1426; x_wconf 81' lang='lat' dir='ltr'>fratre</span> <span class='ocrx_word' id='word_1_46' title='bbox 1104 1381 1191 1437; x_wconf 89' lang='lat' dir='ltr'>meo,</span> <span class='ocrx_word' id='word_1_47' title='bbox 1220 1360 1314 1445; x_wconf 93' lang='lat' dir='ltr'>quod</span> 
     </span>
     <span class='ocr_line' id='line_1_7' title="bbox 203 1458 1312 1551; baseline -0.002 -21"><span class='ocrx_word' id='word_1_48' title='bbox 203 1458 294 1531; x_wconf 85' lang='lat' dir='ltr'>idem</span> <span class='ocrx_word' id='word_1_49' title='bbox 318 1465 427 1529; x_wconf 80' lang='lat' dir='ltr'>Aldel’</span> <span class='ocrx_word' id='word_1_50' title='bbox 453 1467 556 1530; x_wconf 89' lang='lat' dir='ltr'>miehi</span> <span class='ocrx_word' id='word_1_51' title='bbox 580 1467 676 1531; x_wconf 90' lang='lat' dir='ltr'>dedit</span> <span class='ocrx_word' id='word_1_52' title='bbox 693 1467 727 1531; x_wconf 95' lang='lat' dir='ltr'>in</span> <span class='ocrx_word' id='word_1_53' title='bbox 744 1466 889 1531; x_wconf 92' lang='lat' dir='ltr'>liberum</span> <span class='ocrx_word' id='word_1_54' title='bbox 906 1466 1126 1551; x_wconf 83' lang='lat' dir='ltr'>maritagium</span> <span class='ocrx_word' id='word_1_55' title='bbox 1149 1486 1211 1550; x_wconf 92' lang='lat' dir='ltr'>pro</span> <span class='ocrx_word' id='word_1_56' title='bbox 1236 1464 1312 1549; x_wconf 69' lang='lat' dir='ltr'>iijs.</span> 
     </span>
     <span class='ocr_line' id='line_1_8' title="bbox 202 1570 1315 1656; baseline -0.001 -21"><span class='ocrx_word' id='word_1_57' title='bbox 202 1591 290 1654; x_wconf 93' lang='lat' dir='ltr'>quos</span> <span class='ocrx_word' id='word_1_58' title='bbox 313 1570 427 1635; x_wconf 88' lang='lat' dir='ltr'>dictus</span> <span class='ocrx_word' id='word_1_59' title='bbox 451 1570 490 1634; x_wconf 88' lang='lat' dir='ltr'>G.</span> <span class='ocrx_word' id='word_1_60' title='bbox 515 1571 619 1634; x_wconf 89' lang='lat' dir='ltr'>michi</span> <span class='ocrx_word' id='word_1_61' title='bbox 641 1571 848 1656; x_wconf 85' lang='lat' dir='ltr'>prerogauit.</span> <span class='ocrx_word' id='word_1_62' title='bbox 898 1570 1006 1635; x_wconf 91' lang='lat' dir='ltr'>Redd.</span> <span class='ocrx_word' id='word_1_63' title='bbox 1032 1571 1110 1635; x_wconf 92' lang='lat' dir='ltr'>inde</span> <span class='ocrx_word' id='word_1_64' title='bbox 1134 1570 1315 1635; x_wconf 82' lang='lat' dir='ltr'>annuatim</span> 
     </span>
     <span class='ocr_line' id='line_1_9' title="bbox 203 1674 1314 1758; baseline -0.001 -20"><span class='ocrx_word' id='word_1_65' title='bbox 203 1674 306 1739; x_wconf 89' lang='lat' dir='ltr'>michi</span> <span class='ocrx_word' id='word_1_66' title='bbox 325 1680 360 1738; x_wconf 87' lang='lat' dir='ltr'>et</span> <span class='ocrx_word' id='word_1_67' title='bbox 379 1676 448 1739; x_wconf 91' lang='lat' dir='ltr'>her.</span> <span class='ocrx_word' id='word_1_68' title='bbox 469 1675 564 1750; x_wconf 91' lang='lat' dir='ltr'>meis,</span> <span class='ocrx_word' id='word_1_69' title='bbox 585 1674 657 1758; x_wconf 65' lang='lat' dir='ltr'>ijo.</span> <span class='ocrx_word' id='word_1_70' title='bbox 678 1675 748 1739; x_wconf 87' lang='lat' dir='ltr'>scil.</span> <span class='ocrx_word' id='word_1_71' title='bbox 769 1696 877 1739; x_wconf 92' lang='lat' dir='ltr'>vnum</span> <span class='ocrx_word' id='word_1_72' title='bbox 897 1675 1076 1740; x_wconf 92' lang='lat' dir='ltr'>denarium</span> <span class='ocrx_word' id='word_1_73' title='bbox 1096 1675 1140 1740; x_wconf 89' lang='lat' dir='ltr'>ad</span> <span class='ocrx_word' id='word_1_74' title='bbox 1160 1675 1257 1738; x_wconf 93' lang='lat' dir='ltr'>Pent.</span> <span class='ocrx_word' id='word_1_75' title='bbox 1280 1680 1314 1737; x_wconf 89' lang='lat' dir='ltr'>et</span> 
     </span>
     <span class='ocr_line' id='line_1_10' title="bbox 202 1778 1314 1863; baseline 0 -21"><span class='ocrx_word' id='word_1_76' title='bbox 202 1800 310 1844; x_wconf 93' lang='lat' dir='ltr'>vnum</span> <span class='ocrx_word' id='word_1_77' title='bbox 339 1779 415 1843; x_wconf 91' lang='lat' dir='ltr'>den.</span> <span class='ocrx_word' id='word_1_78' title='bbox 447 1778 492 1843; x_wconf 92' lang='lat' dir='ltr'>ad</span> <span class='ocrx_word' id='word_1_79' title='bbox 521 1778 543 1843; x_wconf 83' lang='grc'>1,</span> <span class='ocrx_word' id='word_1_80' title='bbox 575 1778 607 1843; x_wconf 87' lang='lat' dir='ltr'>S.</span> <span class='ocrx_word' id='word_1_81' title='bbox 637 1778 681 1843; x_wconf 84' lang='grc'>11.</span> <span class='ocrx_word' id='word_1_82' title='bbox 730 1780 793 1843; x_wconf 86' lang='lat' dir='ltr'>Est</span> <span class='ocrx_word' id='word_1_83' title='bbox 819 1785 937 1844; x_wconf 90' lang='lat' dir='ltr'>autem</span> <span class='ocrx_word' id='word_1_84' title='bbox 966 1779 1024 1844; x_wconf 90' lang='lat' dir='ltr'>illa</span> <span class='ocrx_word' id='word_1_85' title='bbox 1052 1779 1218 1843; x_wconf 82' lang='lat' dir='ltr'>medietas</span> <span class='ocrx_word' id='word_1_86' title='bbox 1247 1799 1314 1863; x_wconf 91' lang='lat' dir='ltr'>que</span> 
     </span>
     <span class='ocr_line' id='line_1_11' title="bbox 203 1882 1310 1968; baseline 0 -22"><span class='ocrx_word' id='word_1_87' title='bbox 203 1884 291 1949; x_wconf 84' lang='lat' dir='ltr'>iacet</span> <span class='ocrx_word' id='word_1_88' title='bbox 312 1903 431 1949; x_wconf 91' lang='lat' dir='ltr'>versus</span> <span class='ocrx_word' id='word_1_89' title='bbox 453 1883 648 1967; x_wconf 82' lang='lat' dir='ltr'>aquilonem</span> <span class='ocrx_word' id='word_1_90' title='bbox 670 1904 730 1967; x_wconf 90' lang='lat' dir='ltr'>per</span> <span class='ocrx_word' id='word_1_91' title='bbox 750 1890 862 1948; x_wconf 89' lang='lat' dir='ltr'>metas</span> <span class='ocrx_word' id='word_1_92' title='bbox 883 1884 973 1948; x_wconf 89' lang='lat' dir='ltr'>inter</span> <span class='ocrx_word' id='word_1_93' title='bbox 995 1904 1058 1948; x_wconf 91' lang='lat' dir='ltr'>nos</span> <span class='ocrx_word' id='word_1_94' title='bbox 1081 1883 1221 1968; x_wconf 90' lang='lat' dir='ltr'>positas.</span> <span class='ocrx_word' id='word_1_95' title='bbox 1248 1882 1310 1966; x_wconf 76' lang='lat'>(32)</span> 
     </span>
     <span class='ocr_line' id='line_1_12' title="bbox 204 1987 1312 2073; baseline -0.002 -21"><span class='ocrx_word' id='word_1_96' title='bbox 204 1989 317 2072; x_wconf 83' lang='lat' dir='ltr'>Quare</span> <span class='ocrx_word' id='word_1_97' title='bbox 342 2009 404 2073; x_wconf 85' lang='lat' dir='ltr'>ego</span> <span class='ocrx_word' id='word_1_98' title='bbox 428 1993 463 2051; x_wconf 88' lang='lat' dir='ltr'>et</span> <span class='ocrx_word' id='word_1_99' title='bbox 491 1988 560 2052; x_wconf 91' lang='lat' dir='ltr'>her.</span> <span class='ocrx_word' id='word_1_100' title='bbox 590 1988 657 2051; x_wconf 92' lang='lat' dir='ltr'>mei</span> <span class='ocrx_word' id='word_1_101' title='bbox 681 1988 748 2051; x_wconf 86' lang='lat' dir='ltr'>dei.</span> <span class='ocrx_word' id='word_1_102' title='bbox 778 1994 813 2052; x_wconf 93' lang='lat' dir='ltr'>et</span> <span class='ocrx_word' id='word_1_103' title='bbox 842 2009 921 2053; x_wconf 88' lang='lat' dir='ltr'>war.</span> <span class='ocrx_word' id='word_1_104' title='bbox 952 1989 1046 2072; x_wconf 91' lang='lat' dir='ltr'>pred.</span> <span class='ocrx_word' id='word_1_105' title='bbox 1073 1987 1112 2052; x_wconf 89' lang='lat' dir='ltr'>G.</span> <span class='ocrx_word' id='word_1_106' title='bbox 1142 1994 1177 2052; x_wconf 88' lang='lat' dir='ltr'>et</span> <span class='ocrx_word' id='word_1_107' title='bbox 1205 1987 1312 2051; x_wconf 91' lang='lat' dir='ltr'>eiusd.</span> 
     </span>
     <span class='ocr_line' id='line_1_13' title="bbox 204 2092 1315 2177; baseline -0.002 -19"><span class='ocrx_word' id='word_1_108' title='bbox 204 2092 386 2177; x_wconf 85' lang='lat' dir='ltr'>assignatis</span> <span class='ocrx_word' id='word_1_109' title='bbox 397 2098 518 2157; x_wconf 84' lang='lat' dir='ltr'>eontra</span> <span class='ocrx_word' id='word_1_110' title='bbox 532 2113 623 2156; x_wconf 84' lang='lat' dir='ltr'>omn.</span> <span class='ocrx_word' id='word_1_111' title='bbox 639 2093 730 2156; x_wconf 93' lang='lat' dir='ltr'>hom.</span> <span class='ocrx_word' id='word_1_112' title='bbox 780 2094 836 2157; x_wconf 85' lang='lat' dir='ltr'>lta</span> <span class='ocrx_word' id='word_1_113' title='bbox 849 2093 945 2177; x_wconf 94' lang='lat' dir='ltr'>quod</span> <span class='ocrx_word' id='word_1_114' title='bbox 958 2113 1020 2177; x_wconf 90' lang='lat' dir='ltr'>pro</span> <span class='ocrx_word' id='word_1_115' title='bbox 1034 2092 1129 2157; x_wconf 84' lang='lat' dir='ltr'>nulla</span> <span class='ocrx_word' id='word_1_116' title='bbox 1143 2092 1315 2157; x_wconf 88' lang='lat' dir='ltr'>demanda</span> 
     </span>
     <span class='ocr_line' id='line_1_14' title="bbox 205 2195 1315 2282; baseline -0.002 -20"><span class='ocrx_word' id='word_1_117' title='bbox 205 2202 266 2262; x_wconf 87' lang='lat' dir='ltr'>aut</span> <span class='ocrx_word' id='word_1_118' title='bbox 290 2196 433 2261; x_wconf 89' lang='lat' dir='ltr'>seruieio</span> <span class='ocrx_word' id='word_1_119' title='bbox 457 2196 548 2261; x_wconf 93' lang='lat' dir='ltr'>idem</span> <span class='ocrx_word' id='word_1_120' title='bbox 575 2195 615 2260; x_wconf 91' lang='lat' dir='ltr'>G.</span> <span class='ocrx_word' id='word_1_121' title='bbox 645 2203 707 2262; x_wconf 87' lang='lat' dir='ltr'>aut</span> <span class='ocrx_word' id='word_1_122' title='bbox 734 2197 806 2261; x_wconf 92' lang='lat' dir='ltr'>eius</span> <span class='ocrx_word' id='word_1_123' title='bbox 833 2197 999 2282; x_wconf 84' lang='lat' dir='ltr'>assignati</span> <span class='ocrx_word' id='word_1_124' title='bbox 1026 2197 1156 2281; x_wconf 88' lang='lat' dir='ltr'>aliquid</span> <span class='ocrx_word' id='word_1_125' title='bbox 1184 2196 1315 2262; x_wconf 86' lang='lat' dir='ltr'>faciant</span> 
     </span>
     <span class='ocr_line' id='line_1_15' title="bbox 205 2300 1313 2385; baseline -0.001 -20"><span class='ocrx_word' id='word_1_126' title='bbox 205 2322 266 2384; x_wconf 92' lang='lat' dir='ltr'>pro</span> <span class='ocrx_word' id='word_1_127' title='bbox 305 2300 420 2385; x_wconf 88' lang='lat' dir='ltr'>praed.</span> <span class='ocrx_word' id='word_1_128' title='bbox 455 2307 546 2365; x_wconf 90' lang='lat' dir='ltr'>terra</span> <span class='ocrx_word' id='word_1_129' title='bbox 584 2308 721 2385; x_wconf 89' lang='lat' dir='ltr'>praeter</span> <span class='ocrx_word' id='word_1_130' title='bbox 755 2301 815 2385; x_wconf 84' lang='lat' dir='ltr'>ijd.</span> <span class='ocrx_word' id='word_1_131' title='bbox 848 2302 938 2365; x_wconf 87' lang='lat' dir='ltr'>sicut</span> <span class='ocrx_word' id='word_1_132' title='bbox 974 2301 1213 2385; x_wconf 87' lang='lat' dir='ltr'>supradictum</span> <span class='ocrx_word' id='word_1_133' title='bbox 1251 2306 1313 2365; x_wconf 89' lang='lat' dir='ltr'>est.</span> 
     </span>
     <span class='ocr_line' id='line_1_16' title="bbox 204 2405 1313 2489; baseline -0.002 -19"><span class='ocrx_word' id='word_1_134' title='bbox 204 2406 365 2470; x_wconf 91' lang='lat' dir='ltr'>Testibus</span> <span class='ocrx_word' id='word_1_135' title='bbox 394 2405 531 2489; x_wconf 85' lang='lat' dir='ltr'>Mag’ris</span> <span class='ocrx_word' id='word_1_136' title='bbox 559 2405 624 2469; x_wconf 90' lang='lat' dir='ltr'>Ad.</span> <span class='ocrx_word' id='word_1_137' title='bbox 649 2406 690 2469; x_wconf 93' lang='lat' dir='ltr'>de</span> <span class='ocrx_word' id='word_1_138' title='bbox 720 2406 949 2481; x_wconf 84' lang='lat' dir='ltr'>Richemund,</span> <span class='ocrx_word' id='word_1_139' title='bbox 975 2405 1088 2470; x_wconf 88' lang='lat' dir='ltr'>Will&#39;o</span> <span class='ocrx_word' id='word_1_140' title='bbox 1114 2406 1156 2470; x_wconf 84' lang='lat' dir='ltr'>de</span> <span class='ocrx_word' id='word_1_141' title='bbox 1186 2405 1313 2481; x_wconf 84' lang='lat' dir='ltr'>Aurel’,</span> 
     </span>
     <span class='ocr_line' id='line_1_17' title="bbox 204 2509 1315 2596; baseline -0.001 -23"><span class='ocrx_word' id='word_1_142' title='bbox 204 2509 237 2592; x_wconf 93' lang='lat' dir='ltr'>J.</span> <span class='ocrx_word' id='word_1_143' title='bbox 257 2510 427 2585; x_wconf 73' lang='lat' dir='ltr'>Romano</span> <span class='ocrx_word' id='word_1_144' title='bbox 446 2510 649 2585; x_wconf 85' lang='lat' dir='ltr'>Canonieis;</span> <span class='ocrx_word' id='word_1_145' title='bbox 677 2511 860 2585; x_wconf 89' lang='lat' dir='ltr'>Herberto,</span> <span class='ocrx_word' id='word_1_146' title='bbox 874 2510 1018 2596; x_wconf 81' lang='lat' dir='ltr'>NigeilO,</span> <span class='ocrx_word' id='word_1_147' title='bbox 1033 2509 1174 2585; x_wconf 87' lang='lat' dir='ltr'>Gilb&#39;to,</span> <span class='ocrx_word' id='word_1_148' title='bbox 1194 2509 1315 2585; x_wconf 85' lang='lat' dir='ltr'>Galir&#39;,</span> 
     </span>
     <span class='ocr_line' id='line_1_18' title="bbox 204 2613 1315 2698; baseline 0 -21"><span class='ocrx_word' id='word_1_149' title='bbox 204 2613 328 2689; x_wconf 88' lang='lat' dir='ltr'>Will’o,</span> <span class='ocrx_word' id='word_1_150' title='bbox 368 2614 485 2689; x_wconf 91' lang='lat' dir='ltr'>Walt&#39;,</span> <span class='ocrx_word' id='word_1_151' title='bbox 523 2613 656 2689; x_wconf 87' lang='lat' dir='ltr'>Nich’o,</span> <span class='ocrx_word' id='word_1_152' title='bbox 693 2614 896 2698; x_wconf 78' lang='lat' dir='ltr'>CapelianiS,</span> <span class='ocrx_word' id='word_1_153' title='bbox 934 2614 1063 2678; x_wconf 91' lang='lat' dir='ltr'>Rob&#39;to</span> <span class='ocrx_word' id='word_1_154' title='bbox 1098 2614 1168 2678; x_wconf 89' lang='lat' dir='ltr'>filio</span> <span class='ocrx_word' id='word_1_155' title='bbox 1200 2614 1315 2689; x_wconf 89' lang='lat' dir='ltr'>Thor.,</span> 
     </span>
    </p>

    <p class='ocr_par' dir='ltr' id='par_1_4' title="bbox 94 2718 1315 2900">
     <span class='ocr_line' id='line_1_19' title="bbox 94 2718 1315 2804; baseline 0 -23"><span class='ocrx_word' id='word_1_156' title='bbox 94 2794 96 2802; x_wconf 17' lang='lat' dir='ltr'>y</span> <span class='ocrx_word' id='word_1_157' title='bbox 205 2718 351 2803; x_wconf 85' lang='lat' dir='ltr'>Hugone</span> <span class='ocrx_word' id='word_1_158' title='bbox 373 2718 415 2783; x_wconf 92' lang='lat' dir='ltr'>de</span> <span class='ocrx_word' id='word_1_159' title='bbox 436 2718 562 2802; x_wconf 87' lang='lat' dir='ltr'>Thorp,</span> <span class='ocrx_word' id='word_1_160' title='bbox 586 2719 674 2784; x_wconf 88' lang='lat' dir='ltr'>Rad&#39;</span> <span class='ocrx_word' id='word_1_161' title='bbox 698 2719 807 2794; x_wconf 71' lang='lat' dir='ltr'>fabro</span> <span class='ocrx_word' id='word_1_162' title='bbox 830 2720 977 2804; x_wconf 84' lang='lat' dir='ltr'>Hugone</span> <span class='ocrx_word' id='word_1_163' title='bbox 999 2718 1041 2782; x_wconf 91' lang='lat' dir='ltr'>de</span> <span class='ocrx_word' id='word_1_164' title='bbox 1063 2719 1205 2794; x_wconf 88' lang='lat' dir='ltr'>Barton,</span> <span class='ocrx_word' id='word_1_165' title='bbox 1229 2718 1315 2804; x_wconf 86' lang='lat' dir='ltr'>Rog.</span> 
     </span>
     <span class='ocr_line' id='line_1_20' title="bbox 203 2822 609 2900; baseline 0.005 -13"><span class='ocrx_word' id='word_1_166' title='bbox 203 2824 313 2900; x_wconf 83' lang='lat' dir='ltr'>iabm,</span> <span class='ocrx_word' id='word_1_167' title='bbox 333 2829 368 2888; x_wconf 93' lang='lat' dir='ltr'>et</span> <span class='ocrx_word' id='word_1_168' title='bbox 387 2822 506 2889; x_wconf 90' lang='lat' dir='ltr'>multis</span> <span class='ocrx_word' id='word_1_169' title='bbox 525 2824 609 2889; x_wconf 86' lang='lat' dir='ltr'>aliis.</span> 
     </span>
    </p>
   </div>
   <div class='ocr_carea' id='block_1_4' title="bbox 601 2991 913 3074">
    <p class='ocr_par' dir='ltr' id='par_1_5' title="bbox 601 2991 913 3074">
     <span class='ocr_line' id='line_1_21' title="bbox 601 2991 913 3074; baseline 0.006 -20"><span class='ocrx_word' id='word_1_170' title='bbox 601 2991 666 3074; x_wconf 79' lang='lat'><strong>(99)</strong></span> <span class='ocrx_word' id='word_1_171' title='bbox 694 2991 758 3054; x_wconf 54' lang='lat' dir='ltr'>DE&gt;</span> <span class='ocrx_word' id='word_1_172' title='bbox 775 3008 913 3056; x_wconf 70' lang='lat' dir='ltr'>rouen.</span> 
     </span>
    </p>
   </div>
   <div class='ocr_carea' id='block_1_5' title="bbox 204 3133 1318 3535">
    <p class='ocr_par' dir='ltr' id='par_1_6' title="bbox 204 3133 1318 3535">
     <span class='ocr_line' id='line_1_22' title="bbox 292 3133 1316 3220; baseline 0.001 -22"><span class='ocrx_word' id='word_1_173' title='bbox 292 3134 466 3200; x_wconf 88' lang='lat' dir='ltr'>Vniuersis</span> <span class='ocrx_word' id='word_1_174' title='bbox 493 3134 551 3218; x_wconf 87' lang='lat' dir='ltr'>xpi</span> <span class='ocrx_word' id='word_1_175' title='bbox 576 3133 735 3198; x_wconf 88' lang='lat' dir='ltr'>fidelibus</span> <span class='ocrx_word' id='word_1_176' title='bbox 760 3134 805 3199; x_wconf 89' lang='lat' dir='ltr'>ad</span> <span class='ocrx_word' id='word_1_177' title='bbox 830 3156 917 3219; x_wconf 92' lang='lat' dir='ltr'>quos</span> <span class='ocrx_word' id='word_1_178' title='bbox 942 3156 992 3219; x_wconf 93' lang='lat' dir='ltr'>pr.</span> <span class='ocrx_word' id='word_1_179' title='bbox 1021 3156 1082 3199; x_wconf 84' lang='lat' dir='ltr'>scr.</span> <span class='ocrx_word' id='word_1_180' title='bbox 1111 3135 1316 3220; x_wconf 87' lang='lat' dir='ltr'>peruenerit.</span> 
     </span>
     <span class='ocr_line' id='line_1_23' title="bbox 207 3239 1318 3322; baseline 0 -18"><span class='ocrx_word' id='word_1_181' title='bbox 207 3240 362 3305; x_wconf 86' lang='lat' dir='ltr'>Ketellus</span> <span class='ocrx_word' id='word_1_182' title='bbox 386 3246 484 3305; x_wconf 92' lang='lat' dir='ltr'>sutor</span> <span class='ocrx_word' id='word_1_183' title='bbox 510 3239 552 3303; x_wconf 93' lang='lat' dir='ltr'>de</span> <span class='ocrx_word' id='word_1_184' title='bbox 585 3239 722 3322; x_wconf 90' lang='lat' dir='ltr'>Ripon&#39;‚</span> <span class='ocrx_word' id='word_1_185' title='bbox 748 3239 905 3304; x_wconf 87' lang='lat' dir='ltr'>salutem.</span> <span class='ocrx_word' id='word_1_186' title='bbox 969 3240 1020 3305; x_wconf 84' lang='lat' dir='ltr'>Sc.</span> <span class='ocrx_word' id='word_1_187' title='bbox 1046 3261 1101 3305; x_wconf 93' lang='lat' dir='ltr'>me</span> <span class='ocrx_word' id='word_1_188' title='bbox 1125 3241 1318 3305; x_wconf 90' lang='lat' dir='ltr'>vendidisse</span> 
     </span>
     <span class='ocr_line' id='line_1_24' title="bbox 204 3343 1316 3430; baseline 0.001 -21"><span class='ocrx_word' id='word_1_189' title='bbox 204 3365 267 3429; x_wconf 93' lang='lat' dir='ltr'>pro</span> <span class='ocrx_word' id='word_1_190' title='bbox 283 3345 436 3429; x_wconf 87' lang='lat' dir='ltr'>quinque</span> <span class='ocrx_word' id='word_1_191' title='bbox 453 3343 576 3408; x_wconf 83' lang='lat' dir='ltr'>mareis</span> <span class='ocrx_word' id='word_1_192' title='bbox 594 3344 726 3428; x_wconf 77' lang='lat' dir='ltr'>argenti</span> <span class='ocrx_word' id='word_1_193' title='bbox 743 3350 778 3407; x_wconf 90' lang='lat' dir='ltr'>et</span> <span class='ocrx_word' id='word_1_194' title='bbox 795 3344 939 3410; x_wconf 93' lang='lat' dir='ltr'>dimidia</span> <span class='ocrx_word' id='word_1_195' title='bbox 955 3352 990 3409; x_wconf 90' lang='lat' dir='ltr'>et</span> <span class='ocrx_word' id='word_1_196' title='bbox 1007 3366 1101 3410; x_wconf 88' lang='lat' dir='ltr'>conc.</span> <span class='ocrx_word' id='word_1_197' title='bbox 1121 3352 1154 3409; x_wconf 87' lang='lat' dir='ltr'>et</span> <span class='ocrx_word' id='word_1_198' title='bbox 1172 3367 1204 3430; x_wconf 94' lang='lat' dir='ltr'>p.</span> <span class='ocrx_word' id='word_1_199' title='bbox 1224 3367 1251 3410; x_wconf 84' lang='lat' dir='ltr'>e.</span> <span class='ocrx_word' id='word_1_200' title='bbox 1271 3367 1316 3410; x_wconf 93' lang='lat' dir='ltr'>m.</span> 
     </span>
     <span class='ocr_line' id='line_1_25' title="bbox 205 3447 1318 3535; baseline 0 -21"><span class='ocrx_word' id='word_1_201' title='bbox 205 3450 294 3514; x_wconf 86' lang='lat' dir='ltr'>conf.</span> <span class='ocrx_word' id='word_1_202' title='bbox 319 3449 448 3534; x_wconf 83' lang='lat' dir='ltr'>Mag’ro</span> <span class='ocrx_word' id='word_1_203' title='bbox 470 3447 510 3513; x_wconf 87' lang='lat' dir='ltr'>G.</span> <span class='ocrx_word' id='word_1_204' title='bbox 534 3449 576 3513; x_wconf 91' lang='lat' dir='ltr'>de</span> <span class='ocrx_word' id='word_1_205' title='bbox 598 3449 698 3513; x_wconf 87' lang='lat' dir='ltr'>Lard&#39;</span> <span class='ocrx_word' id='word_1_206' title='bbox 722 3449 851 3513; x_wconf 91' lang='lat' dir='ltr'>eteius</span> <span class='ocrx_word' id='word_1_207' title='bbox 873 3449 995 3535; x_wconf 83' lang='lat' dir='ltr'>assign.</span> <span class='ocrx_word' id='word_1_208' title='bbox 1019 3450 1054 3514; x_wconf 90' lang='lat' dir='ltr'>in</span> <span class='ocrx_word' id='word_1_209' title='bbox 1075 3470 1182 3534; x_wconf 89' lang='lat' dir='ltr'>perp.,</span> <span class='ocrx_word' id='word_1_210' title='bbox 1205 3455 1318 3516; x_wconf 88' lang='lat' dir='ltr'>totam</span> 
     </span>
    </p>
   </div>
   <div class='ocr_carea' id='block_1_6' title="bbox 156 3553 1389 4894">
    <p class='ocr_par' dir='ltr' id='par_1_7' title="bbox 156 3553 1389 4894">
     <span class='ocr_line' id='line_1_26' title="bbox 206 3553 1319 3638; baseline 0.001 -20"><span class='ocrx_word' id='word_1_211' title='bbox 206 3560 333 3619; x_wconf 89' lang='lat' dir='ltr'>terram</span> <span class='ocrx_word' id='word_1_212' title='bbox 346 3553 440 3618; x_wconf 91' lang='lat' dir='ltr'>illam</span> <span class='ocrx_word' id='word_1_213' title='bbox 453 3574 532 3617; x_wconf 87' lang='lat' dir='ltr'>curn</span> <span class='ocrx_word' id='word_1_214' title='bbox 544 3559 631 3637; x_wconf 89' lang='lat' dir='ltr'>pert.</span> <span class='ocrx_word' id='word_1_215' title='bbox 646 3553 681 3617; x_wconf 95' lang='lat' dir='ltr'>in</span> <span class='ocrx_word' id='word_1_216' title='bbox 695 3553 866 3617; x_wconf 88' lang='lat' dir='ltr'>territorio</span> <span class='ocrx_word' id='word_1_217' title='bbox 879 3554 921 3617; x_wconf 93' lang='lat' dir='ltr'>de</span> <span class='ocrx_word' id='word_1_218' title='bbox 935 3553 1060 3638; x_wconf 89' lang='lat' dir='ltr'>Ripon’</span> <span class='ocrx_word' id='word_1_219' title='bbox 1075 3555 1174 3620; x_wconf 92' lang='lat' dir='ltr'>iuxta</span> <span class='ocrx_word' id='word_1_220' title='bbox 1187 3554 1319 3638; x_wconf 86' lang='lat' dir='ltr'>Speltre</span> 
     </span>
     <span class='ocr_line' id='line_1_27' title="bbox 205 3657 1319 3743; baseline -0.001 -19"><span class='ocrx_word' id='word_1_221' title='bbox 205 3679 311 3742; x_wconf 91' lang='lat' dir='ltr'>quam</span> <span class='ocrx_word' id='word_1_222' title='bbox 329 3678 391 3743; x_wconf 83' lang='lat' dir='ltr'>ego</span> <span class='ocrx_word' id='word_1_223' title='bbox 410 3657 505 3721; x_wconf 92' lang='lat' dir='ltr'>tenui</span> <span class='ocrx_word' id='word_1_224' title='bbox 523 3657 565 3720; x_wconf 93' lang='lat' dir='ltr'>de</span> <span class='ocrx_word' id='word_1_225' title='bbox 583 3657 708 3740; x_wconf 87' lang='lat' dir='ltr'>Joh&#39;ne</span> <span class='ocrx_word' id='word_1_226' title='bbox 727 3657 769 3722; x_wconf 92' lang='lat' dir='ltr'>de</span> <span class='ocrx_word' id='word_1_227' title='bbox 787 3658 933 3734; x_wconf 88' lang='lat' dir='ltr'>Lanum,</span> <span class='ocrx_word' id='word_1_228' title='bbox 953 3659 1090 3724; x_wconf 92' lang='lat' dir='ltr'>tenend.</span> <span class='ocrx_word' id='word_1_229' title='bbox 1111 3659 1175 3723; x_wconf 89' lang='lat' dir='ltr'>sibi</span> <span class='ocrx_word' id='word_1_230' title='bbox 1194 3665 1229 3723; x_wconf 94' lang='lat' dir='ltr'>et</span> <span class='ocrx_word' id='word_1_231' title='bbox 1247 3659 1319 3725; x_wconf 88' lang='lat' dir='ltr'>eius</span> 
     </span>
     <span class='ocr_line' id='line_1_28' title="bbox 207 3761 1317 3848; baseline 0.001 -21"><span class='ocrx_word' id='word_1_232' title='bbox 207 3763 331 3848; x_wconf 84' lang='lat' dir='ltr'>assign.</span> <span class='ocrx_word' id='word_1_233' title='bbox 350 3762 385 3826; x_wconf 93' lang='lat' dir='ltr'>in</span> <span class='ocrx_word' id='word_1_234' title='bbox 407 3783 501 3846; x_wconf 89' lang='lat' dir='ltr'>perp.</span> <span class='ocrx_word' id='word_1_235' title='bbox 521 3761 563 3826; x_wconf 86' lang='lat' dir='ltr'>de</span> <span class='ocrx_word' id='word_1_236' title='bbox 585 3762 678 3826; x_wconf 89' lang='lat' dir='ltr'>dicto</span> <span class='ocrx_word' id='word_1_237' title='bbox 700 3761 825 3844; x_wconf 89' lang='lat' dir='ltr'>Joh’ne</span> <span class='ocrx_word' id='word_1_238' title='bbox 848 3763 890 3826; x_wconf 92' lang='lat' dir='ltr'>de</span> <span class='ocrx_word' id='word_1_239' title='bbox 913 3763 1047 3828; x_wconf 91' lang='lat' dir='ltr'>Lanum</span> <span class='ocrx_word' id='word_1_240' title='bbox 1069 3770 1104 3828; x_wconf 90' lang='lat' dir='ltr'>et</span> <span class='ocrx_word' id='word_1_241' title='bbox 1126 3764 1168 3827; x_wconf 87' lang='lat' dir='ltr'>de</span> <span class='ocrx_word' id='word_1_242' title='bbox 1189 3765 1259 3828; x_wconf 88' lang='lat' dir='ltr'>her.</span> <span class='ocrx_word' id='word_1_243' title='bbox 1278 3785 1317 3838; x_wconf 78' lang='lat' dir='ltr'>s,</span> 
     </span>
     <span class='ocr_line' id='line_1_29' title="bbox 206 3866 1319 3952; baseline 0.002 -22"><span class='ocrx_word' id='word_1_244' title='bbox 206 3867 257 3932; x_wconf 92' lang='lat' dir='ltr'>ita</span> <span class='ocrx_word' id='word_1_245' title='bbox 277 3867 381 3931; x_wconf 86' lang='lat' dir='ltr'>libere</span> <span class='ocrx_word' id='word_1_246' title='bbox 403 3872 438 3930; x_wconf 91' lang='lat' dir='ltr'>et</span> <span class='ocrx_word' id='word_1_247' title='bbox 459 3866 574 3950; x_wconf 92' lang='lat' dir='ltr'>quiete</span> <span class='ocrx_word' id='word_1_248' title='bbox 596 3867 685 3930; x_wconf 84' lang='lat' dir='ltr'>sieut</span> <span class='ocrx_word' id='word_1_249' title='bbox 706 3873 803 3931; x_wconf 88' lang='lat' dir='ltr'>carta</span> <span class='ocrx_word' id='word_1_250' title='bbox 823 3888 929 3951; x_wconf 87' lang='lat' dir='ltr'>quam</span> <span class='ocrx_word' id='word_1_251' title='bbox 952 3888 1013 3952; x_wconf 83' lang='lat' dir='ltr'>ego</span> <span class='ocrx_word' id='word_1_252' title='bbox 1034 3868 1139 3932; x_wconf 88' lang='lat' dir='ltr'>habui</span> <span class='ocrx_word' id='word_1_253' title='bbox 1162 3868 1204 3931; x_wconf 89' lang='lat' dir='ltr'>de</span> <span class='ocrx_word' id='word_1_254' title='bbox 1225 3869 1319 3933; x_wconf 91' lang='lat' dir='ltr'>dicto</span> 
     </span>
     <span class='ocr_line' id='line_1_30' title="bbox 206 3971 1318 4055; baseline 0.001 -20"><span class='ocrx_word' id='word_1_255' title='bbox 206 3971 331 4054; x_wconf 85' lang='lat' dir='ltr'>Joh&#39;ne</span> <span class='ocrx_word' id='word_1_256' title='bbox 351 3976 575 4055; x_wconf 77' lang='lat' dir='ltr'>protestatur.</span> <span class='ocrx_word' id='word_1_257' title='bbox 624 3971 734 4034; x_wconf 91' lang='lat' dir='ltr'>Redd.</span> <span class='ocrx_word' id='word_1_258' title='bbox 756 3971 835 4035; x_wconf 92' lang='lat' dir='ltr'>inde</span> <span class='ocrx_word' id='word_1_259' title='bbox 856 3973 1036 4037; x_wconf 80' lang='lat' dir='ltr'>annuatim</span> <span class='ocrx_word' id='word_1_260' title='bbox 1057 3972 1150 4036; x_wconf 89' lang='lat' dir='ltr'>dicto</span> <span class='ocrx_word' id='word_1_261' title='bbox 1170 3972 1264 4055; x_wconf 90' lang='lat' dir='ltr'>Joh&#39;i</span> <span class='ocrx_word' id='word_1_262' title='bbox 1284 3978 1318 4036; x_wconf 89' lang='lat' dir='ltr'>et</span> 
     </span>
     <span class='ocr_line' id='line_1_31' title="bbox 156 4073 1319 4143; baseline 0.001 -3"><span class='ocrx_word' id='word_1_263' title='bbox 156 4129 158 4133; x_wconf 94' lang='lat'><strong>.</strong></span> <span class='ocrx_word' id='word_1_264' title='bbox 205 4077 275 4140; x_wconf 86' lang='lat' dir='ltr'>her.</span> <span class='ocrx_word' id='word_1_265' title='bbox 300 4096 325 4141; x_wconf 82' lang='lat' dir='ltr'>S.</span> <span class='ocrx_word' id='word_1_266' title='bbox 349 4097 409 4140; x_wconf 87' lang='lat' dir='ltr'>sex</span> <span class='ocrx_word' id='word_1_267' title='bbox 432 4075 548 4140; x_wconf 88' lang='lat' dir='ltr'>denar.</span> <span class='ocrx_word' id='word_1_268' title='bbox 572 4073 617 4138; x_wconf 86' lang='lat' dir='ltr'>sc.</span> <span class='ocrx_word' id='word_1_269' title='bbox 642 4083 711 4138; x_wconf 91' lang='lat' dir='ltr'>tres</span> <span class='ocrx_word' id='word_1_270' title='bbox 734 4076 809 4140; x_wconf 88' lang='lat' dir='ltr'>den.</span> <span class='ocrx_word' id='word_1_271' title='bbox 835 4076 880 4141; x_wconf 89' lang='lat' dir='ltr'>ad</span> <span class='ocrx_word' id='word_1_272' title='bbox 902 4077 1000 4140; x_wconf 91' lang='lat' dir='ltr'>Pent.</span> <span class='ocrx_word' id='word_1_273' title='bbox 1025 4083 1059 4140; x_wconf 89' lang='lat' dir='ltr'>et</span> <span class='ocrx_word' id='word_1_274' title='bbox 1082 4083 1151 4141; x_wconf 91' lang='lat' dir='ltr'>tres</span> <span class='ocrx_word' id='word_1_275' title='bbox 1173 4078 1249 4141; x_wconf 93' lang='lat' dir='ltr'>den.</span> <span class='ocrx_word' id='word_1_276' title='bbox 1274 4078 1319 4143; x_wconf 87' lang='lat' dir='ltr'>ad</span> 
     </span>
     <span class='ocr_line' id='line_1_32' title="bbox 206 4180 1318 4265; baseline 0.001 -21"><span class='ocrx_word' id='word_1_277' title='bbox 206 4181 229 4245; x_wconf 87' lang='lat' dir='ltr'>i.</span> <span class='ocrx_word' id='word_1_278' title='bbox 253 4180 285 4245; x_wconf 86' lang='lat' dir='ltr'>S.</span> <span class='ocrx_word' id='word_1_279' title='bbox 308 4181 352 4244; x_wconf 88' lang='lat' dir='ltr'>M.</span> <span class='ocrx_word' id='word_1_280' title='bbox 374 4200 437 4264; x_wconf 92' lang='lat' dir='ltr'>pro</span> <span class='ocrx_word' id='word_1_281' title='bbox 457 4201 548 4244; x_wconf 92' lang='lat' dir='ltr'>omn.</span> <span class='ocrx_word' id='word_1_282' title='bbox 571 4200 657 4243; x_wconf 88' lang='lat' dir='ltr'>serv.</span> <span class='ocrx_word' id='word_1_283' title='bbox 681 4188 714 4243; x_wconf 90' lang='lat' dir='ltr'>et</span> <span class='ocrx_word' id='word_1_284' title='bbox 735 4201 827 4244; x_wconf 75' lang='lat' dir='ltr'>cons</span> <span class='ocrx_word' id='word_1_285' title='bbox 846 4187 880 4244; x_wconf 89' lang='lat' dir='ltr'>et</span> <span class='ocrx_word' id='word_1_286' title='bbox 898 4201 1010 4245; x_wconf 87' lang='lat' dir='ltr'>exacc.</span> <span class='ocrx_word' id='word_1_287' title='bbox 1034 4187 1068 4245; x_wconf 91' lang='lat' dir='ltr'>et</span> <span class='ocrx_word' id='word_1_288' title='bbox 1088 4202 1150 4265; x_wconf 94' lang='lat' dir='ltr'>pro</span> <span class='ocrx_word' id='word_1_289' title='bbox 1170 4182 1264 4246; x_wconf 92' lang='lat' dir='ltr'>omni</span> <span class='ocrx_word' id='word_1_290' title='bbox 1283 4202 1318 4245; x_wconf 93' lang='lat' dir='ltr'>re</span> 
     </span>
     <span class='ocr_line' id='line_1_33' title="bbox 206 4285 1319 4368; baseline 0.001 -18"><span class='ocrx_word' id='word_1_291' title='bbox 206 4285 250 4350; x_wconf 88' lang='lat' dir='ltr'>ad</span> <span class='ocrx_word' id='word_1_292' title='bbox 280 4291 407 4349; x_wconf 88' lang='lat' dir='ltr'>terram</span> <span class='ocrx_word' id='word_1_293' title='bbox 436 4285 640 4368; x_wconf 83' lang='lat' dir='ltr'>pertinente.</span> <span class='ocrx_word' id='word_1_294' title='bbox 689 4285 736 4347; x_wconf 91' lang='lat' dir='ltr'>Vt</span> <span class='ocrx_word' id='word_1_295' title='bbox 766 4291 884 4349; x_wconf 89' lang='lat' dir='ltr'>autem</span> <span class='ocrx_word' id='word_1_296' title='bbox 914 4286 978 4350; x_wconf 88' lang='lat' dir='ltr'>hae</span> <span class='ocrx_word' id='word_1_297' title='bbox 1007 4306 1084 4350; x_wconf 87' lang='lat' dir='ltr'>mea</span> <span class='ocrx_word' id='word_1_298' title='bbox 1112 4286 1269 4351; x_wconf 90' lang='lat' dir='ltr'>vendicio</span> <span class='ocrx_word' id='word_1_299' title='bbox 1299 4308 1319 4351; x_wconf 90' lang='lat' dir='ltr'>a</span> 
     </span>
     <span class='ocr_line' id='line_1_34' title="bbox 205 4389 1319 4475; baseline 0.001 -21"><span class='ocrx_word' id='word_1_300' title='bbox 205 4389 340 4454; x_wconf 89' lang='lat' dir='ltr'>nemine</span> <span class='ocrx_word' id='word_1_301' title='bbox 362 4389 397 4453; x_wconf 90' lang='lat' dir='ltr'>in</span> <span class='ocrx_word' id='word_1_302' title='bbox 420 4389 565 4472; x_wconf 89' lang='lat' dir='ltr'>posteris</span> <span class='ocrx_word' id='word_1_303' title='bbox 587 4390 801 4472; x_wconf 87' lang='lat' dir='ltr'>temporibus</span> <span class='ocrx_word' id='word_1_304' title='bbox 823 4391 931 4473; x_wconf 85' lang='lat' dir='ltr'>possit</span> <span class='ocrx_word' id='word_1_305' title='bbox 953 4390 1101 4475; x_wconf 78' lang='lat' dir='ltr'>infringi,</span> <span class='ocrx_word' id='word_1_306' title='bbox 1125 4396 1319 4475; x_wconf 85' lang='lat' dir='ltr'>presentem</span> 
     </span>
     <span class='ocr_line' id='line_1_35' title="bbox 205 4493 1319 4578; baseline 0.001 -20"><span class='ocrx_word' id='word_1_307' title='bbox 205 4500 337 4558; x_wconf 87' lang='lat' dir='ltr'>cartam</span> <span class='ocrx_word' id='word_1_308' title='bbox 360 4494 459 4578; x_wconf 83' lang='lat' dir='ltr'>sigilli</span> <span class='ocrx_word' id='word_1_309' title='bbox 481 4494 546 4557; x_wconf 87' lang='lat' dir='ltr'>mei</span> <span class='ocrx_word' id='word_1_310' title='bbox 569 4493 787 4577; x_wconf 89' lang='lat' dir='ltr'>apposicione</span> <span class='ocrx_word' id='word_1_311' title='bbox 808 4494 978 4558; x_wconf 88' lang='lat' dir='ltr'>roboraui.</span> <span class='ocrx_word' id='word_1_312' title='bbox 1027 4496 1070 4559; x_wconf 95' lang='lat' dir='ltr'>H.</span> <span class='ocrx_word' id='word_1_313' title='bbox 1094 4501 1119 4559; x_wconf 91' lang='lat' dir='ltr'>t.</span> <span class='ocrx_word' id='word_1_314' title='bbox 1143 4495 1255 4559; x_wconf 89' lang='lat' dir='ltr'>Will’o</span> <span class='ocrx_word' id='word_1_315' title='bbox 1277 4496 1319 4559; x_wconf 88' lang='grc'>(16</span> 
     </span>
     <span class='ocr_line' id='line_1_36' title="bbox 206 4598 1319 4683; baseline 0.002 -21"><span class='ocrx_word' id='word_1_316' title='bbox 206 4598 449 4683; x_wconf 84' lang='lat' dir='ltr'>Weydington,</span> <span class='ocrx_word' id='word_1_317' title='bbox 480 4604 564 4662; x_wconf 84' lang='lat' dir='ltr'>tunc</span> <span class='ocrx_word' id='word_1_318' title='bbox 592 4598 777 4662; x_wconf 85' lang='lat' dir='ltr'>senescallo</span> <span class='ocrx_word' id='word_1_319' title='bbox 806 4599 877 4662; x_wconf 88' lang='lat' dir='ltr'>d‘ni</span> <span class='ocrx_word' id='word_1_320' title='bbox 906 4599 1088 4683; x_wconf 84' lang='lat' dir='ltr'>Archiep’i,</span> <span class='ocrx_word' id='word_1_321' title='bbox 1120 4600 1249 4664; x_wconf 87' lang='lat' dir='ltr'>Rob’to</span> <span class='ocrx_word' id='word_1_322' title='bbox 1277 4600 1319 4664; x_wconf 90' lang='lat' dir='ltr'>de</span> 
     </span>
     <span class='ocr_line' id='line_1_37' title="bbox 207 4702 1318 4780; baseline 0.002 -14"><span class='ocrx_word' id='word_1_323' title='bbox 207 4702 369 4768; x_wconf 87' lang='lat' dir='ltr'>Bediord.</span> <span class='ocrx_word' id='word_1_324' title='bbox 404 4709 488 4767; x_wconf 84' lang='lat' dir='ltr'>tunc</span> <span class='ocrx_word' id='word_1_325' title='bbox 520 4702 659 4777; x_wconf 91' lang='lat' dir='ltr'>balliu0,</span> <span class='ocrx_word' id='word_1_326' title='bbox 694 4702 847 4767; x_wconf 86' lang='lat' dir='ltr'>Guarino</span> <span class='ocrx_word' id='word_1_327' title='bbox 880 4704 1011 4780; x_wconf 87' lang='lat' dir='ltr'>clerieo,</span> <span class='ocrx_word' id='word_1_328' title='bbox 1047 4704 1169 4768; x_wconf 84' lang='lat' dir='ltr'>Nieh&#39;o</span> <span class='ocrx_word' id='word_1_329' title='bbox 1202 4705 1318 4780; x_wconf 89' lang='lat' dir='ltr'>Ward,</span> 
     </span>
     <span class='ocr_line' id='line_1_38' title="bbox 205 4807 1389 4894; baseline -0.001 -21"><span class='ocrx_word' id='word_1_330' title='bbox 205 4807 270 4874; x_wconf 79' lang='lat' dir='ltr'>Ad.</span> <span class='ocrx_word' id='word_1_331' title='bbox 295 4807 402 4872; x_wconf 74' lang='lat' dir='ltr'>tratre</span> <span class='ocrx_word' id='word_1_332' title='bbox 426 4807 508 4883; x_wconf 90' lang='lat' dir='ltr'>eius,</span> <span class='ocrx_word' id='word_1_333' title='bbox 535 4807 665 4871; x_wconf 87' lang='lat' dir='ltr'>Rob&#39;to</span> <span class='ocrx_word' id='word_1_334' title='bbox 689 4807 730 4872; x_wconf 89' lang='lat' dir='ltr'>de</span> <span class='ocrx_word' id='word_1_335' title='bbox 755 4809 954 4884; x_wconf 87' lang='lat' dir='ltr'>Monketon,</span> <span class='ocrx_word' id='word_1_336' title='bbox 981 4809 1067 4894; x_wconf 85' lang='lat' dir='ltr'>Rog&#39;</span> <span class='ocrx_word' id='word_1_337' title='bbox 1092 4809 1134 4873; x_wconf 92' lang='lat' dir='ltr'>de</span> <span class='ocrx_word' id='word_1_338' title='bbox 1159 4809 1318 4886; x_wconf 86' lang='lat' dir='ltr'>Nunwik,</span> <span class='ocrx_word' id='word_1_339' title='bbox 1388 4809 1389 4813; x_wconf 71' lang='grc'>’</span> 
     </span>
    </p>
   </div>
   <div class='ocr_carea' id='block_1_7' title="bbox 0 0 1708 5650">
    <p class='ocr_par' dir='ltr' id='par_1_8' title="bbox 0 0 1708 5650">
     <span class='ocr_line' id='line_1_39' title="bbox 0 0 1708 5650; baseline 0 0"><span class='ocrx_word' id='word_1_340' title='bbox 0 0 1708 5650; x_wconf 95' lang='lat' dir='ltr'> </span> 
     </span>
    </p>
   </div>
  </div>
 </body>
</html>
