3392 5650
647 703 740 766 Acrs
765 718 810 767 or
835 702 1014 767 Cnapren.
1324 721 1387 786 217

280 896 459 970 iuturum;
498 893 688 958 Reddendo
728 894 871 978 proinde
910 894 1002 958 idem
1042 894 1159 977 Joh'es
1199 894 1317 958 Carter
1355 900 1389 958 et

279 998 443 1083 assignati
460 998 512 1063 sui
529 998 632 1062 michi
650 998 802 1081 Johanni
820 998 975 1072 Sendale,
994 998 1219 1082 prebendario
1236 998 1391 1083 predicto

279 1110 313 1167 et
334 1102 590 1192 'successoribus
616 1103 709 1177 meis
731 1123 840 1166 vnum
862 1102 1041 1166 denarium
1067 1108 1102 1166 et
1128 1123 1234 1167 vnam
1262 1103 1390 1167 Rosam

280 1209 422 1272 rubeam
438 1207 473 1271 in
491 1207 579 1271 festo
597 1206 803 1271 Nativitatis
821 1206 886 1271 S’ci
905 1206 1015 1289 J0h’is
1033 1207 1191 1291 Baptiste
1209 1208 1390 1272 annuatim

279 1312 313 1376 in
332 1317 548 1397 perpetuum,
566 1311 594 1375 si
613 1317 786 1395 petantur.
837 1312 877 1375 ln
896 1333 924 1375 c.
943 1332 968 1375 r.
988 1316 1012 1375 t.
1030 1312 1090 1396 sig.
1109 1332 1153 1375 m.
1174 1312 1390 1396 presentibus

279 1421 331 1480 est
368 1436 569 1500 appensum.
618 1417 699 1480 Dat.
739 1416 833 1499 apud
872 1416 996 1499 Ripon’
1035 1416 1136 1499 xxvj⁰
1173 1415 1227 1480 die
1264 1418 1390 1482 mensis

280 1522 458 1585 Decembr.
480 1541 571 1590 anno
590 1521 684 1605 regni
703 1521 789 1605 regis
808 1520 970 1584 Edwardi
989 1521 1104 1605 quarti
1123 1521 1244 1604 primo.

278 1683 320 1751 75
334 1692 363 1735 v.
420 1676 507 1757 (302)
548 1674 825 1753 Acournrancia
864 1692 1108 1739 nnnarnonun
1147 1665 1389 1740 nncepronou

324 1796 393 1844 eno
417 1796 509 1844 caea
533 1796 716 1844 PRECIOSA.

367 1926 535 1991 Nouerint
555 1926 704 1990 vniuersi
724 1947 784 2010 per
802 1933 977 2010 presentes
996 1927 1090 2011 quod
1109 1948 1171 1991 nos
1191 1927 1390 2011 Capitulum
1442 1926 1558 2040 (1146ξό

278 2030 357 2096 eccl.
380 2030 462 2095 Coll.
486 2030 692 2096 Sanctorum
713 2031 807 2094 Petri
828 2037 862 2094 et
884 2029 1031 2095 Willridi
1053 2031 1178 2115 Ripon'
1201 2032 1390 2116 recepimus
1442 2011 1449 2038 i
1472 2007 1508 2054 ay
1524 2026 1538 2038 ”
1560 2028 1565 2040 ’

278 2134 320 2197 de
356 2135 519 2219 Magistro
553 2135 655 2217 Joh’e
690 2135 902 2209 Pakenham,
940 2134 1112 2199 confratre
1147 2142 1276 2211 nostro
1314 2157 1389 2220 pre-

277 2238 442 2303 bendario
459 2239 630 2323 prebende
648 2239 690 2303 de
707 2240 865 2304 Sharrow
882 2239 917 2303 in
930 2239 1009 2303 eccl.
1025 2238 1205 2324 collegiata
1219 2241 1385 2324 predicta,

277 2342 395 2407 decern
425 2363 558 2407 marcas
589 2350 727 2407 monete
757 2342 945 2428 Anglicane
976 2344 1113 2407 nomine
1144 2365 1228 2429 cape
1260 2352 1294 2408 et
1326 2366 1388 2429 pro

277 2468 364 2531 capa
387 2468 450 2512 sua
474 2448 626 2531 preciosa
649 2448 748 2512 nobis
773 2454 807 2511 et
832 2448 911 2512 eccl.
938 2455 1054 2511 nostre
1078 2449 1230 2531 predicte
1255 2450 1388 2514 notorie
1401 2461 1589 2523 eope-money

277 2551 395 2616 debita
430 2552 473 2615 de
507 2552 755 2617 consuetudine
791 2552 956 2616 laudabili
992 2553 1144 2617 eiusdem
1180 2554 1317 2617 ecclesie
1353 2562 1387 2618 et

277 2661 422 2721 statuto,
472 2657 512 2720 ln
524 2678 552 2721 c.
567 2677 592 2721 r.
608 2662 632 2721 t.
647 2656 706 2741 sig.
721 2662 879 2720 nostrum
892 2657 1107 2741 presentibus
1120 2663 1172 2720 est
1184 2678 1384 2742 appensum.

278 2761 358 2826 Dat.
379 2760 414 2826 in
432 2761 536 2826 domo
552 2767 670 2826 nostra
686 2761 879 2846 capitulari,
897 2761 1058 2826 vicesimo
1074 2766 1173 2826 sexto
1189 2762 1244 2826 die
1263 2764 1387 2828 mensis

278 2865 371 2949 Maij,
396 2887 487 2930 anno
509 2866 590 2930 D'ni
614 2865 793 2930 Millesimo
815 2865 1153 2951 quadringentesimo
1176 2868 1389 2952 sexagesimo

278 2975 414 3036 octauo,

282 3137 369 3220 (303)
418 3138 509 3201 Arm
555 3155 825 3215 acoonrrancra
865 3154 1107 3202 osnanronun
1147 3155 1387 3203 nacapronuu

324 3259 393 3306 eno
416 3260 601 3307 cousmnr
627 3258 718 3306 caea
742 3257 925 3307 PuncmsA.

365 3382 396 3446 N
399 3382 534 3447 ouerint
549 3435 555 3448 .
573 3435 579 3447 .
594 3383 637 3447 de
650 3382 836 3446 venerabili
850 3382 925 3446 viro
939 3382 1070 3466 Mag‘ro
1081 3383 1194 3447 Will’o
1208 3384 1384 3459 Pottman,
1464 3397 1538 3454 1468,

277 3493 459 3552 executore
501 3487 699 3551 testamenti
743 3488 832 3551 bone
875 3487 1037 3551 memorie
1080 3487 1233 3572 Magistri
1276 3489 1387 3572 Joh’is
1445 3460 1513 3524 Aug.
1530 3476 1554 3511 ²¹

278 3591 432 3668 Sendale,
473 3591 654 3656 confratris
694 3591 802 3655 nostri
843 3592 928 3655 dum
970 3591 1069 3666 vixit,
1100 3599 1135 3656 et
1168 3593 1382 3677 prebendarij

277 3696 449 3781 prebende
464 3695 506 3759 de
523 3696 639 3779 Thorp
655 3696 690 3760 in
706 3696 784 3760 eccl.
804 3694 970 3780 predicta,
992 3695 1110 3761 decem
1126 3697 1230 3761 libras
1249 3705 1386 3763 monete
1400 3703 1589 3766 eope-money

277 3801 464 3886 Anglicane
484 3853 490 3865 .
514 3853 520 3866 .
543 3852 549 3865 .
599 3800 639 3864 In
659 3821 686 3864 c.
708 3820 733 3865 r.
756 3805 780 3864 t.
803 3852 809 3864 .
833 3852 839 3864 ‚
863 3852 869 3864 .
918 3800 998 3864 Dat.
1020 3801 1169 3865 secundo
1188 3802 1243 3865 die
1262 3803 1387 3867 mensis

277 3905 435 3990 Augusti,
453 3904 554 3969 Anno
572 3904 652 3969 D'ni
669 3925 783 3968 mcccc
799 3903 894 3987 lxviij
901 3907 923 3941 ‘⁰
943 3905 986 3987 (F
987 3925 1056 3969 orm
1073 3926 1110 3969 as
1127 3904 1165 3969 in
1182 3905 1217 3968 N
1219 3928 1246 3971 0.
1265 3910 1354 3990 302).

323 4099 411 4181 (304)
439 4098 618 4163 Coriacio
644 4098 830 4162 Canrmnn
856 4113 905 4161 Ao
930 4097 1077 4162 Atrans
1102 4099 1172 4163 S’c1
1197 4099 1339 4181 Jacossr.

365 4238 539 4304 Vniuersis
568 4239 600 4303 S.
631 4238 675 4303 M,
706 4238 746 4302 E.
777 4238 857 4322 filijs
885 4237 930 4302 ad
958 4260 1044 4323 quos
1072 4245 1245 4323 presentes
1273 4241 1386 4306 littere
1463 4260 1538 4318 1468,

277 4339 505 4427 peruenerint,
524 4342 596 4407 Nos
612 4342 811 4427 Capitulum
828 4342 907 4407 eccl.
926 4342 1007 4407 Coll
1026 4343 1119 4407 beati
1137 4343 1229 4408 Petri
1247 4345 1384 4430 Ripon’,
1430 4325 1505 4388 Μ’
1530 4328 1567 4375 ¹⁶‘

276 4448 380 4512 Ebor.
409 4447 508 4523 dioc,
537 4468 584 4512 sa.
613 4447 648 4510 in
675 4446 757 4511 d’no
783 4446 1038 4530 sempiternam.
1087 4447 1284 4513 Cantariam
1311 4471 1385 4534 per-

276 4557 418 4635 petuam
452 4551 497 4617 ad
530 4551 639 4615 altare
673 4550 739 4615 S’ci
773 4550 896 4633 Jacobi
930 4550 965 4615 in
999 4551 1077 4616 eccl.
1114 4552 1195 4618 Coll.
1231 4554 1386 4637 predicta

276 4656 459 4721 fundatam
496 4676 557 4740 per
591 4660 739 4719 mortem
776 4654 847 4719 d’ni
886 4655 1005 4719 Rob’ti
1042 4655 1236 4721 Chaumbre
1272 4659 1386 4723 vltimi

276 4760 477 4845 possessoris
496 4759 648 4825 eiusdem
667 4764 852 4824 vacantem
872 4764 907 4822 et
926 4760 971 4823 ad
990 4766 1146 4824 nostram
1166 4761 1387 4828 collacionem
