3392 5650
650 724 881 790 Carrrurnuu.
1279 726 1322 811 87

578 902 665 986 (132)
693 903 749 966 Du
774 919 912 968 eonon.

294 1057 395 1120 Omn.
426 1056 623 1120 hominibus
651 1057 695 1121 ad
723 1077 810 1141 quos
837 1078 888 1141 pr.
918 1079 980 1123 scr.
1011 1059 1216 1142 peruenerit,
1246 1059 1319 1123 Ric.

208 1158 332 1234 Blund,
352 1180 399 1224 sa.
420 1161 455 1224 in
474 1160 575 1225 D'no.
623 1160 712 1225 Nou.
733 1182 887 1226 merem.
908 1162 979 1237 rel„
998 1163 1040 1226 de
1058 1183 1113 1226 me
1131 1168 1166 1226 et
1184 1164 1254 1227 her.
1274 1184 1319 1227 m.

206 1262 275 1347 qui.
301 1263 364 1328 cla.
390 1263 425 1327 in
449 1271 615 1347 perp.,·et
640 1266 672 1328 b.
699 1286 748 1349 pr.
774 1286 836 1329 scr.
863 1286 907 1329 m.
934 1267 1024 1330 conf.
1050 1266 1131 1330 d'no
1155 1266 1268 1330 Will’o
1291 1266 1322 1330 le

208 1367 349 1431 Vawsor
374 1388 435 1451 pro
460 1368 613 1452 quadam
638 1389 774 1433 summa
798 1370 941 1452 pecunie
966 1391 1072 1454 quam
1097 1370 1199 1434 michi
1225 1370 1320 1435 dedit

195 1470 240 1536 ,in
268 1492 345 1536 meo
372 1473 523 1556 negocio,
549 1479 664 1537 totum
692 1473 744 1537 ius
771 1480 806 1537 et
830 1474 992 1538 clamium
1016 1475 1110 1559 quod
1133 1475 1239 1540 habui
1267 1475 1323 1539 vel

206 1574 322 1659 aliquo
346 1582 500 1660 tempore
524 1578 649 1641 habere
673 1578 770 1661 potui
794 1578 828 1641 in
853 1584 929 1641 toto
952 1585 1150 1643 tenemento
1173 1579 1208 1643 in
1231 1579 1320 1642 villis

205 1686 240 1743 et
263 1681 370 1745 territ.
395 1681 437 1745 de
460 1680 585 1765 Ripon'
610 1688 644 1745 et
666 1682 805 1745 Aldield
826 1683 922 1766 quod
943 1683 1049 1747 habui
1072 1683 1114 1747 de
1136 1683 1235 1746 dono'
1249 1682 1321 1746 d'ni

206 1784 299 1848 Petri
319 1784 493 1868 Capeliani
513 1786 689 1869 quondam
710 1786 873 1850 Canonici
895 1785 1032 1870 Ripon'.
1067 1787 1171 1851 Hah.
1194 1792 1229 1850 et
1250 1793 1318 1851 ten.

204 1909 283 1953 cum
307 1895 392 1972 pert.
418 1889 482 1953 eid.
508 1889 590 1954 d’no
613 1889 726 1953 Will'o
750 1895 785 1953 et
808 1891 878 1954 ber.
904 1910 929 1954 s
954 1890 1010 1954 vel
1032 1910 1099 1955 eor.
1124 1891 1260 1976 assign.;
1285 1890 1318 1955 li.

204 1992 274 2076 qui.
293 1994 390 2068 bene,
409 1999 444 2056 et
462 1993 496 2057 in
514 2014 597 2077 pace
615 1994 650 2057 in
667 2013 761 2077 perp.
812 1994 868 2058 Ita
885 1994 954 2058 scil.
974 1994 1068 2079 quod
1085 2015 1147 2058 nec
1164 2014 1226 2080 ego
1245 1994 1318 2058 Ric.

204 2116 266 2160 nec
298 2096 421 2181 aliquis
453 2097 523 2162 her.
557 2118 602 2161 m.
636 2098 670 2161 in
702 2117 856 2181 prenom.
891 2104 1094 2178 tenemento
1121 2119 1200 2163 cum
1232 2104 1318 2181 pert.

205 2200 335 2284 aliquid
368 2201 450 2265 iuris
482 2201 537 2265 vel
570 2202 684 2266 clamii
723 2202 794 2266 iure
827 2202 882 2265 vel
916 2202 1098 2266 hereditar’
1133 2202 1175 2266 de
1208 2210 1321 2266 cetero

204 2304 337 2388 exigere
358 2305 413 2368 vel
434 2305 617 2369 vendicare
638 2306 838 2388 poterimus.
889 2306 929 2369 In
950 2327 978 2370 c.
1002 2326 1027 2370 r.
1051 2312 1130 2370 test.
1155 2306 1234 2370 huic
1255 2326 1318 2369 scr.

204 2407 264 2493 sig.
281 2429 326 2473 m.
345 2410 501 2492 apposui.
551 2409 593 2474 H.
613 2409 745 2473 t..d’nis
761 2409 833 2473 Ric.
852 2409 894 2473 de
912 2409 1036 2493 Boyuil
1052 2415 1087 2473 et
1102 2410 1233 2474 ceteris

551 2601 638 2682 (133)
667 2600 722 2664 DE
748 2616 885 2664 nouum.

293 2756 395 2819 Omn.
423 2754 482 2839 xpi
508 2754 565 2818 fid.
594 2755 638 2818 ad
663 2775 750 2840 quos
776 2774 861 2839 pres
890 2774 951 2818 scr.
979 2755 1183 2838 peruenerit,
1212 2754 1319 2818 Will's
1352 2776 1519 2840 Jury,124o.

206 2859 251 2922 fil.
281 2858 369 2923 Gilb.
399 2858 444 2922 fil.
475 2859 592 2924 Saueri
620 2860 662 2923 de
691 2859 828 2942 Ripon',
858 2880 904 2922 sa.
935 2859 969 2922 in
998 2858 1098 2922 D’n0.
1148 2859 1235 2924 Nou.
1265 2880 1319 2923 me

205 2983 299 3026 conc.
321 2982 402 3027 rem.
424 2963 547 3046 etqui.
569 2963 631 3026 cla.
653 2983 715 3046 pro
734 2983 788 3027 me
808 2969 842 3026 et
862 2963 931 3026 her.
953 2984 998 3026 m.
1020 2963 1054 3026 in
1074 2982 1167 3045 perp.
1191 2963 1320 3047 Mag’ro

206 3064 238 3147 J.
263 3065 422 3131 Romano
443 3067 641 3130 subdecano
664 3066 766 3130 Ebur.
791 3066 929 3130 ecclesie
952 3072 986 3129 et
1008 3066 1180 3149 prebende
1202 3086 1262 3130 sue
1285 3067 1318 3131 in

207 3169 344 3257 Ripon',
371 3176 485 3235 totum
510 3171 562 3234 ius
586 3191 702 3234 meum
726 3176 761 3233 et
785 3170 847 3235 cla.
875 3170 969 3254 quod
994 3170 1099 3234 habui
1124 3170 1159 3233 in
1184 3170 1319 3235 duabus

205 3274 342 3339 bouatis
368 3280 455 3338 terre
479 3295 559 3338 cum
584 3280 670 3358 pert.
697 3274 731 3338 in
758 3274 883 3358 Ripon'
908 3295 995 3357 quas
1024 3274 1140 3358 aliquo
1165 3280 1319 3357 tempore

205 3378 301 3442 tenui
321 3378 363 3442 de
384 3379 477 3462 preb.
500 3379 606 3443 eiusd.
630 3378 749 3463 Mag’ri
770 3377 881 3460 Joh'is
903 3378 1051 3442 Romani
1072 3378 1106 3442 in
1127 3378 1201 3443 ead.
1224 3378 1317 3453 villa,

205 3486 274 3546 ten.
295 3488 330 3545 et
350 3482 429 3547 hab.
450 3482 515 3547 eid.
538 3482 667 3567 Mag’ro
686 3488 721 3545 et
741 3483 834 3565 preb.
856 3503 916 3547 sue
935 3489 969 3546 et
989 3482 1221 3560 CanoniciS,in
1242 3483 1316 3546 ead.

204 3587 298 3671 preb.
324 3586 597 3661 succedentibus
624 3586 747 3661 liberis,
773 3587 904 3661 solutio,
930 3593 965 3650 et
989 3587 1115 3670 quietis
1139 3586 1181 3650 de
1205 3607 1259 3650 me
1283 3594 1318 3651 et

204 3691 274 3754 her.
295 3711 340 3754 m.
361 3689 395 3754 in
416 3710 533 3774 perp.;
559 3711 621 3774 pro
640 3691 705 3754 hac
725 3699 842 3755 autem
861 3712 955 3755 conc.
976 3685 1087 3754 remis.
1109 3690 1232 3775 etqui.
1253 3691 1316 3755 cla.

205 3794 367 3878 predictis
388 3793 420 3876 J.
441 3794 599 3859 Romano
618 3794 816 3859 subdecano
833 3795 949 3869 Ebor,
969 3795 1071 3858 michi
1088 3794 1184 3858 dedit
1202 3815 1317 3860 coram

204 3897 432 3981 Justiciariis1
454 3899 525 3963 d'ni
544 3898 646 3984 Regis
668 3899 870 3982 subscriptis
892 3899 985 3982 apud
1007 3898 1131 3982 Ripon'
1156 3899 1317 3962 itineran-

205 4002 308 4078 tibus
335 4002 389 4066 die
416 4003 556 4067 Veneris
581 4023 677 4086 prox.
706 4009 783 4087 post
817 4003 945 4067 festum
978 4003 1044 4067 S'ci
1075 4002 1197 4085 Jacobi
1226 4002 1316 4086 Ap’li

204 4127 296 4171 anno
320 4106 413 4191 regni
439 4106 524 4191 regis
551 4107 689 4171 Henrici
714 4107 773 4170 filii
800 4107 901 4191 Regis
927 4107 1096 4189 Johannis
1120 4125 1172 4189 24,
1199 4107 1317 4172 decem

204 4231 337 4274 marcas
361 4211 493 4296 argenti
521 4212 589 4294 (vx.
616 4213 722 4292 mea)²
745 4232 862 4275 coram
886 4210 1071 4275 iusticiario
1095 4217 1316 4295 comparente

203 4320 237 4378 et
276 4312 474 4389 remittente
513 4314 678 4399 quicquid
720 4315 801 4379 iuris
841 4315 963 4379 habuit
998 4315 1033 4379 in
1072 4315 1178 4379 tercia
1217 4321 1315 4398 parte

203 4419 374 4483 dictarum
406 4419 553 4483 duarum
581 4421 790 4484 bouatarum
822 4425 911 4482 terre
943 4440 1022 4483 cum
1053 4425 1140 4502 pert.
1178 4419 1315 4483 nomine

203 4523 304 4588 dotis.
369 4524 413 4587 H.
445 4529 469 4588 t.
504 4523 593 4587 d'nis
624 4523 666 4587 de
697 4523 875 4599 CulewerS,
907 4523 1033 4607 Jolano
1064 4523 1106 4587 de
1138 4522 1249 4599 Neuil,
1280 4529 1315 4588 et

202 4627 333 4692 ceteris.

275 4818 283 4842 ¹
301 4813 358 4864 MS.
370 4813 420 4864 has
437 4820 452 4838 ‘⁸
464 4814 683 4878 justiciarium.''
757 4818 767 4841 ²
787 4813 921 4863 Inserted.
