3392 5650
695 687 926 755 Canroranr.
1326 703 1368 771 77

645 868 733 952 (113)
761 868 817 932 Dr.
842 884 980 934 nonen.

258 995 320 1080 (36)
370 998 541 1063 Omnibus
564 999 653 1063 hanc
677 1004 810 1062 cartam
834 997 1034 1062 videntibus
1057 998 1111 1061 vel
1137 997 1367 1080 audientibus,

257 1102 362 1167 Henr.
383 1102 428 1167 fil.
452 1102 553 1166 Rob’i
575 1103 616 1166 de
638 1103 841 1187 lll'kingtom
863 1123 910 1167 sa.
960 1101 1048 1167 Nou.
1067 1102 1161 1167 vniv.
1179 1124 1212 1167 v.
1231 1122 1285 1166 me
1307 1122 1369 1186 pro

256 1227 304 1271 sa.
323 1228 378 1272 an.
397 1228 442 1272 m.
461 1214 495 1272 et
513 1214 623 1272 antec.
642 1228 687 1271 m.
706 1227 800 1271 conc.
819 1212 854 1271 et
871 1227 904 1291 p.
923 1228 951 1271 c.
970 1227 1015 1271 m.
1034 1207 1123 1272 conf.
1142 1206 1176 1271 in
1194 1226 1317 1290 puram
1334 1213 1368 1270 et

256 1330 349 1395 perp.
375 1311 415 1376 el.
442 1312 516 1376 Deo
539 1318 573 1376 et
598 1312 643 1376 ad
666 1312 959 1376 sustentacionem
978 1311 1059 1375 boni
1079 1310 1240 1376 luminis1
1263 1312 1295 1375 b.
1322 1310 1366 1376 ll.

256 1414 291 1479 in
310 1416 389 1481 eccl.
410 1417 443 1481 b.
463 1415 515 1482 W.
537 1416 662 1500 Ripon’
682 1416 717 1481 in
737 1436 843 1501 perp,
863 1416 938 1480 illos
956 1436 1015 1479 sex
1034 1416 1111 1480 den.
1131 1436 1265 1480 annuos
1282 1435 1369 1500 quos

256 1518 365 1584 Gilb's
389 1520 518 1585 tinctor
541 1527 575 1584 et
599 1520 716 1585 Const.
742 1542 799 1585 vx.
824 1520 898 1585 eius
920 1520 1078 1585 solebant
1102 1520 1241 1584 reddere
1265 1519 1368 1584 michi

256 1624 298 1688 de
324 1625 477 1709 quadam
505 1631 596 1690 terra
622 1626 721 1690 iuxta
748 1625 890 1689 domum
918 1624 1060 1689 Emaldi
1087 1624 1128 1689 de
1156 1624 1265 1688 Disce.
1314 1624 1368 1689 Ad

254 1729 419 1794 maiorem
448 1735 566 1794 autem
596 1730 696 1794 huius
725 1730 771 1793 rei
801 1729 1044 1794 certitudinem
1073 1729 1105 1794 h.
1136 1749 1198 1794 scr.
1229 1729 1288 1814 sig.
1320 1750 1364 1793 m.

255 1834 399 1918 apposui
424 1834 458 1898 in
484 1834 731 1899 testimonium.
780 1835 824 1898 H.
847 1841 884 1905 t..
907 1834 948 1898 de
968 1833 1260 1898 Winchecumbe²
1283 1840 1367 1899 tunc

254 1937 383 2002 balliuo
404 1938 446 2003 de
469 1938 607 2023 Ripon',
631 1938 754 2003 Nich'o
774 1938 892 2014 Ward‚
915 1938 979 2003 Ad.
1003 1939 1109 2003 fratre
1131 1939 1213 2011 eius,
1237 1938 1367 2003 Rob’to

254 2041 296 2107 de
318 2043 519 2118 Munketon,
542 2043 627 2128 Rog'
650 2044 692 2107 de
713 2042 873 2118 Nunwik‚
896 2043 984 2108 Rad’
1006 2044 1048 2107 de
1070 2042 1212 2127 Newby,
1234 2043 1365 2108 Thoma

255 2147 445 2223 forestario,
467 2147 555 2213 Will.
577 2148 619 2212 de
641 2148 775 2223 Biham,
796 2147 922 2230 Joh'ne
942 2147 1074 2223 Russel‚
1096 2147 1168 2213 Ric.
1192 2148 1367 2213 lnbreuia-

254 2258 339 2327 tore,
359 2259 394 2317 et
413 2252 497 2318 aliis.

644 2345 732 2431 (114)
759 2343 816 2408 DE
841 2361 978 2410 ronan.

341 2461 442 2526 Vniu.
477 2462 535 2546 xpi
569 2462 626 2526 fid.
660 2463 749 2527 hanc
782 2468 915 2527 cartam
947 2462 1009 2526 vis.
1044 2462 1098 2527 vel
1131 2462 1223 2537 aud„
1258 2461 1365 2526 Rob's

253 2564 457 2650 Capellanus
482 2566 527 2631 fil.
555 2565 661 2631 Galtr.
689 2567 731 2631 de
757 2566 896 2650 Ripon’,
922 2567 1079 2632 salutern.
1128 2566 1179 2631 Sc.
1207 2587 1261 2630 me
1287 2567 1363 2632 ded.

253 2690 347 2735 conc.
373 2676 408 2734 et
432 2691 464 2755 p.
490 2692 518 2735 c.
544 2672 633 2736 conl.
660 2671 799 2736 Matheo
823 2671 1009 2755 Capeliano
1030 2671 1241 2736 ministranti
1266 2672 1367 2737 altari

254 2774 327 2839 S’ce
348 2776 453 2841 Marie
473 2776 507 2840 in
528 2776 648 2841 maiori
669 2776 748 2841 eccl.
770 2776 812 2841 de
833 2776 959 2861 Ripon’
978 2796 1039 2861 pro
1058 2797 1106 2842 sa.
1125 2798 1179 2842 an.
1198 2797 1256 2852 m.,
1273 2783 1362 2862 patr.

253 2901 298 2946 m.
317 2886 352 2945 et
368 2887 469 2946 matr.
488 2902 546 2955 m.,
560 2889 595 2946 et
612 2902 704 2946 omn.
723 2889 834 2947 antec.
853 2902 910 2958 m.,
930 2903 1038 2946 vnum
1055 2882 1268 2967 mesuagium
1285 2903 1362 2947 curn

253 2984 440 3069 pertinenc'
466 2986 500 3050 in
525 2986 606 3051 villa
631 2986 673 3049 de
698 2985 835 3070 Ripon',
862 2992 1001 3051 tanturn
1025 2987 1059 3051 in
1083 2986 1159 3051 vita
1181 3007 1254 3063 sua,
1280 2987 1364 3052 illud

253 3089 322 3154 scil.
341 3091 555 3175 mesuagium
572 3090 666 3175 quod
684 3091 797 3155 dictus
815 3091 964 3155 Rob'tus
981 3091 1064 3155 emit
1082 3091 1123 3156 de
1141 3092 1304 3157 Samsone
1322 3092 1364 3156 de

252 3193 411 3280 Wigtolt,
440 3201 544 3279 prout
573 3195 607 3259 in
636 3195 740 3260 cartis
768 3195 853 3260 dieti
882 3195 1001 3260 Rob'ti
1030 3194 1204 3280 Capellani
1233 3197 1366 3280 plenius

252 3298 459 3364 continetur.
508 3299 640 3365 Sciend.
663 3299 771 3364 eciam
791 3300 886 3385 quod
906 3321 1116 3365 successores
1135 3302 1367 3385 prenominati

254 3403 383 3469 Mathai
412 3404 472 3489 qui
502 3404 701 3488 supradicto
731 3405 842 3469 Altari
872 3405 1121 3471 ministrabunt
1151 3413 1230 3490 post
1261 3407 1367 3491 ipsius

254 3508 431 3573 decessum
456 3509 588 3573 dictum
615 3509 828 3594 mesuagium
854 3530 933 3574 cum
959 3510 1178 3594 pertinenciis
1202 3517 1237 3575 et
1263 3511 1368 3576 cartis

252 3613 460 3697 supradictis
493 3613 643 3677 vicissim
676 3614 711 3677 in
744 3634 838 3698 perp.
875 3614 1093 3699 optinebunt.
1142 3615 1252 3681 Redd.
1287 3616 1367 3680 inde

254 3719 435 3783 annuatim
458 3718 623 3783 canonico
645 3718 704 3803 qui
728 3739 790 3802 pro
812 3726 967 3803 tempore
990 3720 1132 3784 habebit
1155 3721 1366 3804 prebendam

253 3842 320 3907 que
341 3822 408 3887 luit
429 3822 607 3907 quondam
630 3822 749 3907 Mag'ri
772 3823 883 3906 Joh’is
905 3823 947 3887 de
968 3823 1135 3889 Columba
1157 3824 1209 3908 ijs.
1234 3826 1366 3910 argenti

253 3945 315 4011 pro
334 3947 425 3992 omn.
446 3947 546 4001 serv..
567 3927 789 3991 medietatem
809 3927 854 3992 ad
874 3927 972 3992 Pent.
993 3934 1027 3992 et
1047 3929 1135 3993 med.
1157 3929 1202 3994 ad
1221 3930 1243 3994 f.
1265 3930 1297 3994 S.
1320 3930 1363 3995 M.

254 4031 295 4096 ln
314 4031 346 4096 h.
367 4051 392 4095 r.
413 4037 437 4096 t.
458 4038 492 4096 ot
510 4032 742 4106 securitatem,
761 4037 899 4115 present
917 4031 1046 4117 scripto
1063 4033 1123 4118 sig.
1143 4054 1188 4097 m.
1209 4035 1363 4118 apposui.

254 4134 298 4200 H.
316 4141 354 4210 t.,
370 4135 410 4200 A.
426 4135 541 4200 Priore
554 4136 596 4200 de
611 4136 790 4212 Fontibus,
806 4136 892 4221 Rog.
907 4137 949 4200 de
966 4137 1091 4222 Ripon,
1107 4138 1173 4202 Ha’
1190 4139 1232 4202 de
1248 4140 1364 4210 Ebor..

254 4240 430 4304 monachis
457 4240 499 4305 de
526 4241 706 4314 Fontibus,
735 4241 865 4326 hlag’ro
892 4240 998 4306 Gallr.
1027 4242 1069 4306 de
1096 4241 1234 4318 Larder,
1263 4243 1366 4308 Petro

253 4344 295 4408 de
324 4344 438 4428 Eyuil,
468 4351 552 4410 tunc
580 4345 708 4410 balliuo
737 4345 779 4409 do
809 4346 934 4430 Ripon,
964 4345 1090 4429 Joh’ne
1118 4347 1160 4411 de
1189 4348 1364 4423 iratribus

255 4448 385 4513 Rob'to
415 4449 457 4513 de
488 4449 636 4534 Capella,
668 4449 782 4514 Will'o
812 4450 854 4514 de
887 4451 1053 4526 llasham,
1086 4450 1198 4516 Rob'o
1229 4452 1364 4537 Sureys,

253 4553 446 4637 Capellanis
478 4554 521 4618 de
555 4553 680 4638 Ripon,
716 4554 858 4638 Steph'o
893 4555 1025 4630 Russel,
1059 4555 1163 4620 Walt’
1200 4557 1364 4633 Bernard,

254 4658 391 4723 Simone
411 4658 562 4735 Castlok,
584 4658 685 4735 Rob.‚
706 4659 736 4722 le
756 4659 911 4743 Spenser,
932 4660 1046 4724 Will'o
1065 4661 1203 4736 etwind,
1225 4668 1258 4726 et
1279 4662 1363 4728 aliis.

325 4825 332 4848 ¹
352 4819 410 4871 The
423 4820 479 4872 MS.
495 4819 544 4870 has
559 4827 575 4847 ‘⁶
585 4820 653 4871 lumi
665 4820 803 4872 boninis.’'
877 4829 887 4850 ²
907 4821 951 4871 No
964 4821 1102 4872 Christian
1116 4836 1197 4872 name
1210 4823 1238 4872 in
1253 4790 1314 4875 Md:
