3392 5650
572 676 665 740 Acrs
689 693 734 740 or
757 675 936 740 Cnnpran.

200 874 240 940 5ο
255 884 290 932 v.v
430 856 517 939 (175)
545 856 601 919 DE
625 873 820 920 PREBENDA
845 873 893 919 or
918 855 1086 919 Nouwnr.

288 999 492 1075 Alexander,
512 1000 732 1083 permissione
751 997 870 1063 diuina
888 1000 991 1062 Ebor.
1012 999 1169 1082 Archiep.
1190 998 1310 1083 Anglie

201 1104 343 1179 PrimaS,
367 1111 401 1168 et
424 1104 610 1188 apostolice
631 1104 720 1167 sedis
742 1103 885 1187 legatur,
903 1103 1036 1167 dilectis
1058 1103 1134 1166 filiis
1151 1103 1310 1187 Capitulo

200 1209 338 1272 ecclesie
375 1215 490 1273 nostre
528 1208 650 1292 Colleg.
691 1208 840 1292 Rypon',
880 1208 1037 1282 salutem,
1075 1208 1236 1292 graciam,
1275 1216 1309 1271 et

200 1313 486 1377 benediccionem.
535 1312 620 1376 Cum
645 1333 707 1376 nos
731 1312 775 1376 ad
799 1312 1073 1376 nominacionem
1101 1312 1310 1376 excellentis-

201 1418 277 1481 simi
310 1418 472 1501 principis
496 1424 530 1481 et
554 1417 684 1481 domini
708 1417 817 1481 nostri
841 1416 913 1480 d'ni
938 1416 1076 1480 Ricardi
1103 1417 1166 1479 Dei
1197 1417 1311 1500 gracia

202 1522 305 1606 Regis
321 1521 441 1606 Anglie
457 1528 492 1585 et
510 1521 651 1585 Francie
668 1526 702 1584 et
719 1520 790 1585 d’ni
807 1521 971 1585 Hibemie
988 1521 1118 1585 virtute
1134 1521 1311 1585 literarum

202 1615 467 1710 apostolicarum
513 1626 622 1690 eidem
668 1626 749 1689 d'no
794 1625 877 1709 Regi
923 1646 1171 1701 concessarum,
1217 1626 1313 1690 d'nm

179 1719 338 1814 ¹Joh'em
363 1731 551 1814 Bouruyng
578 1730 805 1814 presbiterum
833 1730 878 1794 ad
905 1730 1148 1794 canonicatum
1178 1737 1212 1794 et
1240 1750 1312 1813 pre-

201 1836 351 1900 bendam
371 1835 413 1899 de
433 1835 594 1919 Nunwyk
614 1835 648 1898 in
668 1835 747 1898 eccl.
762 1834 923 1917 predicta
945 1855 1006 1917 per
1027 1841 1174 1899 mortem
1194 1836 1313 1920 Mag’ri

203 1940 316 2023 Joh’is
333 1941 374 2004 de
391 1940 568 2022 Thoresby
583 1939 695 2002 Vltimi
712 1939 867 2002 canonici
883 1944 916 2002 et
933 1939 1148 2023 prebendarii
1164 1939 1315 2003 eiusdem

202 2050 367 2109 vacantes
408 2049 580 2129 quatenus
622 2042 663 2107 de
706 2044 778 2107 iure
820 2064 860 2107 ae
901 2044 1033 2139 virtute
1074 2044 1185 2127 gracie
1226 2043 1315 2108 sedis

204 2149 389 2234 apostolice
420 2155 453 2213 et
484 2148 733 2213 nominacionis
763 2148 916 2231 predicte
947 2149 1151 2212 tenebamur
1180 2156 1214 2213 et
1245 2170 1314 2213 uon

204 2254 312 2326 aliter,
332 2253 436 2318 saluis
454 2254 553 2316 nobis
572 2258 606 2316 et
625 2253 876 2316 successoribus
896 2253 1021 2316 nostris
1041 2273 1081 2316 ac
1099 2254 1178 2317 eccl.
1200 2259 1315 2317 nostre

205 2358 356 2442 predicte
388 2358 650 2441 excepcionibus
681 2362 715 2420 et
747 2357 1001 2421 defensionibus
1041 2358 1315 2443 quibuscumque

205 2469 278 2527 tam
318 2463 519 2527 nullitatum
559 2482 665 2546 quam
706 2462 850 2526 aliarum
891 2462 1113 2526 materiarum
1153 2484 1314 2546 quarum-

205 2588 352 2652 cumque
393 2567 670 2651 competentibus
711 2572 746 2630 et
787 2567 1036 2650 competituris,
1079 2573 1153 2631 tam
1194 2574 1315 2632 contra

204 2692 386 2756 personam
421 2671 546 2755 prefati
581 2670 653 2734 d'ni
688 2670 799 2753 Joh'is
834 2692 940 2755 quarn
975 2672 1101 2745 literas
1138 2693 1314 2756 processus

205 2776 377 2862 predictos
414 2776 662 2851 admiserimus
701 2776 799 2839 vobis
836 2775 1042 2841 mandamus
1078 2777 1243 2861 quatinus
1280 2778 1314 2842 in

203 2861 376 2966 premissis
397 2882 486 2946 circa
508 2881 682 2964 prefatum
704 2880 800 2944 d'nm
822 2880 959 2963 Joh’em
981 2882 1035 2944 vel
1057 2887 1313 2965 procuratorem

203 3007 304 3052 suum
323 2986 395 3050 eius
413 2986 551 3049 nomine
570 2986 604 3049 in
623 2986 687 3049 hac
706 2990 804 3069 parte
823 2985 965 3049 vlterius
984 2986 1201 3071 exequamini
1219 2987 1313 3071 quod

204 3097 255 3155 est
294 3096 459 3155 vestrum.
507 3090 637 3154 Valete.
686 3090 766 3153 Dat.
807 3089 901 3173 apud
940 3090 1075 3165 Cawod,
1116 3091 1221 3155 tercio
1259 3091 1314 3155 die

204 3196 330 3260 mensis
355 3195 543 3278 Februarij,
570 3195 670 3258 Anno
695 3194 775 3257 D'ni
801 3194 943 3258 Millmo
973 3210 1071 3259 cccm⁰
1094 3196 1312 3280 octogesimo,

206 3308 240 3365 et
259 3307 375 3365 nostre
395 3300 668 3365 Consecracionis
687 3299 843 3383 septimo.

426 3467 513 3552 (176)
541 3468 596 3531 DE
621 3484 816 3532 purarum
841 3485 889 3531 or
914 3467 1095 3533 Nonwvu.

295 3612 335 3675 In
363 3611 426 3674 Dei
452 3610 600 3685 nomine,
629 3611 748 3674 Amen.
797 3610 879 3686 Nos,
907 3609 1105 3694 Capitulum
1131 3611 1209 3675 eccl.
1238 3612 1312 3676 coll.

207 3716 356 3800 Rypon',
389 3716 492 3779 Ebor.
524 3715 611 3779 dioc.
645 3721 678 3778 te
704 3700 804 3779 'd'nm
835 3714 972 3797 Joh'em
1003 3714 1045 3779 de
1076 3714 1240 3801 Bouryng
1270 3716 1314 3780 ad

205 3820 416 3904 prebendam
436 3819 478 3884 de
498 3819 669 3903 Nunwyk,
691 3840 800 3902 nuper
819 3840 879 3903 per
898 3825 1044 3883 mortem
1065 3820 1184 3905 Mag'ri
1204 3820 1315 3903 Joh'is

206 3925 248 3989 de
266 3925 443 4008 Thoresby
462 3924 575 3988 vltimi
593 3923 808 4007 prebendarij
831 3922 983 3987 eiusdem
1002 3930 1196 4000 vacantem,
1217 3925 1315 3989 iuxta

207 4029 364 4104 formam,
385 4029 467 4103 vim,
489 4034 523 4092 et
543 4029 705 4092 effectum
724 4028 927 4112 prouisionis
947 4034 981 4092 et
1000 4029 1110 4113 gracie
1130 4030 1315 4113 apostolice

207 4135 241 4197 in
270 4133 364 4197 dicta
392 4132 471 4197 eccl.
501 4132 543 4196 de
572 4132 698 4216 Rypon
727 4133 790 4196 tibi
819 4132 899 4196 fact.
930 4153 969 4196 ac
997 4133 1112 4218 vigore
1140 4134 1316 4198 literarum

206 4237 424 4303 illustrissimi
468 4237 630 4321 principis
675 4236 812 4301 Ricardi
857 4236 959 4321 Regis
1002 4238 1099 4322 Angl.
1144 4244 1316 4323 quatenus

206 4344 336 4407 virtute
362 4342 566 4426 prouisionis
592 4348 626 4405 et
653 4342 866 4405 execucionis
893 4341 973 4405 fact.
1002 4363 1062 4426 per
1087 4363 1178 4408 exeo.
1205 4345 1316 4428 gracie

207 4453 395 4511 memorate
429 4447 471 4510 de
504 4446 575 4510 iure
610 4452 774 4521 artamur,
809 4466 942 4510 necnon
976 4447 1107 4512 virtute
1141 4448 1316 4513 literarum

208 4551 400 4616 Reuerendi
425 4551 459 4614 in
485 4571 555 4634 xpo
580 4551 689 4634 patris
714 4556 748 4614 et
777 4550 847 4614 d'ni
879 4550 950 4614 d’ni
982 4552 1078 4617 Alex.
1110 4553 1173 4615 Dei
1204 4554 1317 4638 gracia

207 4658 310 4721 Ebor.
333 4656 489 4739 Archiep.
511 4655 539 4718 si
559 4654 653 4719 dicta
672 4655 846 4739 prebenda
866 4655 908 4719 de
925 4655 1086 4741 Nunwyk
1103 4657 1166 4720 tibi
1183 4664 1217 4721 et
1234 4658 1318 4722 nulli

207 4762 264 4825 alii
288 4762 329 4824 de
353 4761 424 4824 iure
447 4760 615 4824 debeatur
638 4766 673 4824 et
696 4781 765 4823 non
789 4760 898 4836 aliter,
924 4766 958 4824 te
982 4761 1200 4826 admittimus
1223 4764 1320 4827 saluo

1372 1001 1481 1059 1380-1,

1373 1066 1438 1113 Fcb.
1456 1079 1478 1126 3.

1369 1155 1439 1218 Abp.
1457 1155 1487 1202 Α.

1368 1222 1483 1270 Neville.
