3392 5650
615 701 712 764 Acrs
737 720 783 765 or
807 700 997 767 Cunnrsn.
1322 720 1358 779 13

255 888 287 937 et
315 875 433 945 exiles,
464 876 507 938 ad
535 877 835 959 augmentandum
865 876 974 941 dictas
1002 877 1149 941 vicarias
1176 890 1208 940 et
1239 897 1356 939 earum
1375 865 1574 979 qtisfflcffsss

255 974 416 1057 singulas
446 996 486 1038 ac
517 975 655 1039 vicariis
686 976 874 1040 earundem
907 977 1112 1040 vicariarum
1149 989 1182 1040 et
1219 976 1360 1039 cuilibet
1374 948 1428 1045 iod)
1438 969 1514 1045 small
1534 996 1575 1044 for

257 1073 408 1155 ipsarum
424 1096 615 1157 congruam
633 1076 830 1157 porcionem
846 1075 1098 1159 assignandam
1113 1076 1155 1139 de
1170 1075 1359 1139 redditibus
1375 1062 1572 1125 ¹¹¹e³s⁸¹¹l'¹’⁰‘¹·

255 1188 288 1236 et
309 1174 536 1256 prouentibus
557 1174 808 1256 prebendarum
835 1176 1063 1257 predictarum
1089 1175 1231 1239 diuisim
1259 1187 1359 1257 prout

257 1273 348 1337 racio
375 1274 533 1354 exigerit,
571 1273 613 1337 de
644 1274 772 1355 quibus
804 1296 959 1356 congrue
991 1276 1109 1338 viuere
1142 1274 1301 1357 poterint,
1328 1287 1360 1337 et

256 1372 498 1437 incumbencia
522 1392 628 1436 onera
651 1388 868 1456 supportare.
934 1375 986 1438 Ac
1011 1375 1044 1436 in
1072 1375 1139 1438 biis
1164 1396 1232 1457 que
1257 1394 1360 1438 cause

255 1473 497 1556 cognicionem
546 1474 726 1555 requirunt
775 1473 817 1536 ad
865 1474 1099 1556 cognoscenti.
1151 1473 1356 1556 procedend.

255 1572 426 1635 statuenti.
465 1571 655 1635 diffiniend.
695 1587 728 1636 et
765 1574 958 1655 exequend.
997 1595 1037 1638 ac
1072 1574 1191 1638 omnia
1225 1574 1294 1636 alia
1329 1586 1361 1635 et

254 1672 396 1755 singula
412 1671 558 1735 faciend.
579 1686 610 1735 et
628 1672 831 1755 expedienti.
853 1694 920 1755 que
944 1673 1192 1756 premissorum
1211 1674 1361 1755 qualitas

252 1772 362 1855 exigit
389 1793 450 1834 seu
474 1784 597 1834 natura
622 1773 722 1835 vobis
746 1773 958 1836 coniunctim
985 1786 1018 1836 et
1041 1773 1182 1837 cuilibet
1207 1785 1358 1836 vestrum

252 1871 392 1934 diuisim
413 1891 525 1953 perse
545 1884 577 1934 et
599 1872 631 1933 in
653 1872 803 1935 solidum
831 1872 924 1935 vices
951 1885 1086 1935 nostras
1110 1872 1361 1936 committimus

254 1992 331 2034 cum
372 1971 588 2034 colrercionis
627 1972 794 2035 canonice
834 1984 1012 2054 potestate.
1080 1972 1212 2035 Valete.
1278 1972 1356 2034 Dat.

255 2070 347 2153 apud
373 2070 500 2133 Cawod
527 2069 548 2153 ij
568 2070 611 2133 id.
631 2070 785 2153 Januarii
811 2092 906 2135 anno
926 2072 1068 2135 Domini
1091 2071 1280 2134 Millesimo
1304 2092 1361 2135 ccc

256 2170 430 2234 tricesimo
447 2171 606 2252 septimo,
627 2184 659 2233 et
679 2170 907 2234 Pontificatus
926 2172 1031 2234 nostri
1051 2171 1216 2234 vicesimo
1234 2170 1357 2253 primo,

259 2270 301 2332 Et
325 2269 545 2352 postmodum
569 2271 694 2333 nobis.
723 2319 730 2332 .
757 2269 907 2333 Officiali
927 2286 960 2334 et
980 2271 1220 2334 commissario
1244 2283 1361 2334 nostro

253 2370 406 2452 generali
425 2383 457 2432 et
474 2370 574 2432 dictis
592 2370 739 2451 collegis
758 2371 885 2433 nostris
904 2371 936 2433 in
956 2370 1150 2452 formaque
1168 2370 1334 2453 sequitur.

342 2532 558 2608 Willelmus,
578 2533 1020 2617 permissi-(7lonediuina
1033 2534 1134 2597 Ebor.
1153 2533 1360 2616 Archiep'us
1409 2535 1483 2584 ΝΟΜ
1502 2538 1573 2613 (νὶοᾱ

257 2632 388 2714 rlnglie
411 2633 551 2714 primas
571 2633 705 2696 dilectis
729 2633 809 2696 filiis
834 2632 982 2696 Officiali
1007 2634 1100 2696 curie
1119 2647 1233 2696 nostre
1253 2634 1356 2697 Ebor.
1375 2603 1571 2715 apppqqums

256 2731 330 2794 eius
347 2732 589 2795 commissario
609 2733 775 2815 generali,
799 2732 980 2814 Magistris
998 2732 1149 2816 Johanni
1173 2733 1214 2796 de
1235 2733 1361 2796 Crake·
1376 2732 1462 2793 urges
1474 2743 1532 2780 erar

258 2833 345 2906 bale,
376 2832 554 2896 Canonico
580 2834 723 2896 ecclesie
753 2845 866 2895 nostre
898 2832 1049 2916 Rypon',
1081 2847 1113 2896 et
1137 2833 1288 2916 Johanni
1319 2797 1573 2926 degp'qeprgomra

260 2933 431 3017 Barneby,
468 2932 604 2996 Rectori
638 2933 782 2996 ecclesie
809 2953 915 3014 super
945 2932 1023 2995 llon
1056 2946 1170 2996 nostre
1197 2933 1356 3009 diocesis,
1375 2929 1522 3041 pomaque

256 3034 415 3105 salutem,
440 3033 606 3113 graciam.
632 3046 665 3095 et
689 3032 983 3095 benediccionem.
1035 3033 1089 3095 De
1114 3047 1227 3095 vestra
1251 3031 1360 3096 fideli·
1376 3007 1527 3107 ῃιῖῗζὲἷζῗῃ

257 3146 323 3196 tate
355 3145 387 3196 et
418 3133 668 3213 circumspecta
701 3131 870 3194 industria
903 3132 1040 3214 plenius
1064 3131 1288 3205 confidentes
1315 3133 1358 3195 ad
1407 3160 1562 3210 Themetr-

256 3232 540 3314 cognoscendum
588 3245 621 3295 et
668 3232 923 3314 procedendum
972 3232 1004 3293 in
1051 3233 1198 3314 negocio
1240 3227 1479 3339 contrabisslfft‘,

257 3331 457 3414 Capitulum
476 3345 508 3395 et
530 3332 728 3414 singulares
748 3331 947 3395 Canonicos
967 3331 1056 3395 dicte
1076 3331 1220 3395 ecclesie
1246 3345 1360 3395 nostre
1374 3303 1560 3405 iiiic‘iiiissiffi

261 3431 411 3516 llypon',
447 3453 551 3514 super
588 3431 881 3513 augmentacione
915 3433 1118 3514 porcionum
1152 3431 1358 3495 vicariorum
1374 3422 1572 3535 ptoqersroacr

256 3531 345 3594 dicte
362 3532 504 3595 ecclesie
521 3547 553 3595 et
570 3552 687 3595 earum
709 3531 892 3595 occasione
913 3551 955 3594 ex
977 3531 1091 3595 officio
1112 3544 1230 3594 nostro
1252 3544 1356 3605 moto,
1374 3502 1574 3607 sorriiii’iiii7

256 3644 400 3713 actaque
440 3645 552 3694 vestra
587 3633 664 3711 (κίε)
695 3631 780 3695 actis
814 3631 940 3694 nostris
972 3643 1004 3693 et
1036 3630 1169 3703 vestris
1204 3652 1244 3694 ac
1274 3632 1360 3695 actis

256 3731 403 3794 aliorum
430 3778 437 3793 .
466 3779 473 3793 .
502 3731 831 3794 Commissariorum
853 3743 1047 3793 nostrorum
1070 3751 1360 3813 quorumcunque
1408 3744 1487 3808 Quod
1509 3745 1575 3794 Cra-

258 3831 290 3893 in
339 3832 403 3893 hac
447 3844 541 3913 parte
587 3832 887 3912 qualitercumque
930 3829 1068 3903 habitis,
1114 3810 1574 3924 continuandislssg'jgjffg‘ffp

256 3930 529 4012 statuendisque.
578 3929 791 3992 diffiniendis
844 3943 877 3992 et
929 3929 1141 4011 exequendis
1189 3930 1221 3991 in
1269 3930 1543 4017 dietosrainuges·

258 4029 415 4113 negocio,
438 4045 538 4111 prout
555 4029 666 4111 ipsius
683 4029 833 4111 qualitas
850 4030 1004 4111 exegerit
1028 4049 1088 4092 seu
1109 4042 1239 4104 natura,
1262 4031 1361 4093 vobis
1375 4008 1569 4119 {glssffhfl‘m'JJm

257 4129 467 4193 coniunctim
516 4144 548 4192 et
594 4129 734 4192 cuilibet
781 4140 932 4191 vestrum
975 4127 1115 4190 diuisim
1157 4150 1217 4212 per
1254 4151 1290 4192 se
1329 4135 1547 4211 etlibriadhoc

258 4229 456 4303 insolidum,
488 4249 566 4291 cum
595 4228 812 4291 colrercionis
839 4228 1005 4291 canonice
1035 4241 1212 4310 potestate,
1244 4241 1361 4293 tenore
1376 4201 1527 4262 ⁸¹³¹'¹¹¹¹¹†'¹

257 4329 472 4411 presencium
506 4328 757 4391 committimus
791 4328 884 4390 vices
917 4340 1063 4400 nostras
1097 4328 1236 4410 proviso
1267 4329 1359 4411 quod

258 4449 332 4502 nos
363 4428 524 4510 expedito
559 4428 716 4511 negocio,
752 4427 912 4491 distincte
943 4442 976 4490 et
1006 4442 1123 4509 aperte
1154 4428 1357 4499 certificetis,

256 4526 445 4591 certificent
484 4549 544 4590 seu
584 4526 746 4591 certificet
786 4548 845 4609 per
881 4539 1012 4590 vestras
1043 4541 1102 4589 aut
1133 4549 1215 4591 suas
1247 4529 1362 4592 literas

258 4640 414 4710 patentes
441 4628 562 4689 barum
592 4628 714 4690 seriem
736 4627 964 4709 continentes,
985 4626 1026 4689 de
1050 4647 1091 4689 eo
1115 4628 1208 4708 quod
1234 4628 1359 4692 lactum

323 4784 328 4804 ¹
349 4779 407 4827 'l'lre
422 4779 478 4826 leal'
488 4779 607 4826 rel'errerl
622 4788 649 4826 to
663 4779 684 4826 is
697 4789 743 4826 not
757 4779 856 4826 known
870 4793 930 4824 now
944 4787 972 4825 to
985 4777 1065 4825 exist.
