3392 5650
664 701 758 766 Acrs
782 719 827 766 os
851 702 1030 767 enarrari.
1339 722 1402 787 219

292 881 568 965 sempiternam..
596 880 794 945 Cantariam
816 887 1020 965 perpetuam
1042 881 1086 945 ad
1108 881 1216 946 altare
1237 881 1401 968 Assump-

292 985 399 1049 cionis
423 986 524 1049 beate
549 984 653 1048 Marie
678 984 826 1069 Virginis
851 985 885 1049 in
910 985 1030 1049 eadem
1055 986 1194 1050 ecclesia
1218 985 1402 1051 fundatam

293 1110 353 1173 per
367 1095 513 1153 mortem
528 1089 600 1153 d’ni
614 1089 745 1153 Thome
760 1090 892 1154 Hawke
907 1089 1019 1153 vltimi
1035 1090 1236 1173 possessoris
1250 1091 1402 1155 eiusdem

292 1200 477 1258 vacantem
513 1192 558 1257 ad
594 1193 815 1261 collacionem
851 1198 1005 1258 nostram
1042 1194 1142 1278 pleno
1178 1194 1250 1259 iure
1286 1200 1322 1259 et
1358 1195 1402 1260 ad

292 1296 611 1362 denominacionem
641 1297 760 1382 Mag'ri
790 1298 901 1380 Joh'is
931 1298 1155 1362 Pakkenham
1184 1298 1398 1383 prebendarij

292 1402 464 1485 prebende
500 1401 542 1465 de
579 1402 756 1465 Sharrowe
793 1402 827 1465 in
864 1401 958 1466 dicta
994 1402 1134 1467 ecclesia
1170 1409 1204 1467 et
1241 1403 1402 1468 Canonici

293 1505 536 1589 Residenciarij
558 1506 593 1570 in
612 1506 732 1569 eadem
751 1507 815 1570 hac
834 1506 908 1569 vice
926 1511 1142 1590 spectantem
1160 1506 1285 1571 dilecto
1304 1508 1402 1571 nobis

292 1610 327 1674 in
345 1610 424 1694 Xpo
441 1611 523 1674 d'no
540 1610 633 1692 Joh'i
650 1610 829 1693 Shyrbum
845 1611 1034 1694 presbitero
1050 1611 1256 1676 conferimus
1272 1611 1409 1692 intuitu,

292 1714 457 1786 caritatis,
503 1714 685 1798 ipsumque
730 1713 909 1779 dominum
953 1715 1091 1798 Joh'em
1135 1716 1312 1799 Shyrbum
1357 1716 1402 1780 ad

292 1819 490 1884 Cantariam
514 1819 706 1904 predictam
753 1819 973 1884 admittimus
1021 1826 1056 1883 et
1102 1820 1316 1885 instituimus
1362 1842 1402 1885 ac

292 1924 545 2008 presencialiter
574 1924 788 1999 inuestimus
820 1944 953 1988 necnon
983 1930 1018 1988 et
1048 1924 1164 1989 induci
1194 1924 1337 1989 iecimus
1366 1924 1401 1989 in

292 2029 412 2092 eadem
433 2049 513 2092 cum
535 2028 604 2092 suis
626 2028 756 2092 iuribus
779 2035 813 2092 et
835 2029 959 2112 pertin.
983 2029 1160 2093 uniuersis
1210 2030 1250 2093 ln
1272 2051 1300 2094 c.
1324 2050 1349 2094 r,
1374 2035 1398 2094 t.

291 2132 351 2216 sig,
372 2154 404 2197 n.
425 2153 511 2217 pres.
532 2138 583 2196 est
602 2153 803 2217 appensum.
853 2134 933 2198 Dat.
954 2134 1186 2198 sextodecimo
1204 2134 1259 2198 die
1277 2134 1402 2198 mensis

291 2236 466 2320 Februarij
489 2236 589 2301 Anno
609 2237 689 2301 D'ni
710 2237 827 2301 Mill’io
846 2237 1049 2322 cccclxviij0.

380 2376 421 2440 In
436 2375 533 2440 cuius
547 2376 732 2439 collacione
747 2376 969 2440 institucione
984 2383 1019 2440 et
1034 2377 1234 2441 induccione
1249 2379 1403 2462 prelatus

291 2481 368 2545 d'ns
394 2480 512 2563 Joh'es
538 2480 718 2563 Shyrbum
744 2480 882 2563 juratus
909 2486 961 2544 est
988 2481 1033 2545 ad
1059 2481 1175 2545 omnia
1206 2489 1241 2546 et
1271 2482 1404 2567 singula

291 2584 526 2649 ordinaciones
551 2590 586 2647 et
611 2605 716 2648 onera
740 2585 775 2649 in
800 2585 1051 2668 composicione
1076 2586 1228 2650 eiusdem
1252 2588 1405 2651 cantarie

292 2689 475 2754 contentis.

291 2865 340 2941 76.
398 2858 485 2940 (307)
515 2857 763 2921 Pnorasmcro
790 2857 833 2921 M.
862 2857 1008 2940 Jou'urs
1035 2858 1215 2934 Sannum,
1243 2876 1401 2923 raanan-

336 2979 441 3042 narn]
480 2979 529 3026 na
564 2962 700 3037 Trione,
739 2979 854 3026 sunan
891 2962 1120 3026 Rusroaucra
1156 2980 1194 3026 m
1230 2980 1401 3027 aceresia

336 3066 466 3131 Ruon’
493 3083 640 3131 uranon.

380 3207 421 3272 In
437 3206 511 3282 Dei,
529 3213 584 3271 etc.
605 3207 662 3289 (aa
678 3214 767 3271 exact
786 3207 952 3290 duplicata
968 3207 1001 3287 ol
1016 3207 1051 3270 N
1053 3228 1081 3272 0.
1098 3227 1129 3288 3,
1147 3207 1180 3287 ol
1195 3228 1284 3272 same
1303 3208 1398 3291 date).

294 3375 381 3458 (308)
419 3375 694 3461 Tasriuoumre
729 3374 901 3439 capnon
938 3392 1045 3439 more
1080 3392 1251 3440 accrusre
1286 3393 1401 3440 suren

336 3495 443 3543 mom
468 3479 699 3543 Rasroaucm
723 3495 841 3542 praua
866 3495 988 3544 auom.

378 3618 553 3684 Vniuersis
583 3619 615 3683 S.
648 3619 692 3683 M.
724 3619 764 3683 E.
796 3618 876 3702 filijs
905 3640 992 3703 pres,
1023 3619 1156 3684 litteras
1185 3620 1398 3705 inspecturis,

290 3723 489 3808 Capitulum
510 3723 589 3787 eccl.
613 3723 694 3786 Coll.
718 3723 811 3787 beati
834 3724 928 3787 Petri
949 3724 1033 3788 alias
1054 3724 1145 3788 dicte
1167 3725 1232 3789 S'ci
1253 3725 1401 3790 Wilfridi

291 3827 428 3911 Ripon’,
459 3827 607 3891 salutem
636 3827 670 3891 in
701 3827 850 3891 Domino
879 3829 1126 3911 sempiternam
1156 3836 1190 3892 et
1220 3830 1322 3894 fidem
1351 3830 1401 3893 in-

289 3931 432 3997 dubiam
448 3932 664 4016 presentibus
681 3931 853 3996 adhibere.
902 3931 933 3995 N
937 3933 1047 3996 ouerit
1063 3933 1269 3998 vniuersitas
1285 3940 1401 3999 vestra

288 4037 383 4121 quod
410 4056 490 4100 cum
517 4036 721 4100 venerabilis
748 4035 923 4100 confrater
949 4043 1066 4100 noster
1094 4037 1255 4122 Magister
1283 4038 1400 4121 Joh’es

289 4140 444 4215 Sendale‚
471 4139 662 4204 Canonicus
686 4139 765 4205 eccl.
792 4139 875 4205 Coll.
902 4140 1065 4224 predicte,
1092 4162 1132 4205 ac
1155 4142 1400 4226 prebendarius

289 4244 461 4329 prebende
484 4244 527 4308 de
550 4244 667 4328 Thorp
690 4244 725 4308 in
749 4244 870 4308 eadem
894 4245 1117 4309 residenciam
1140 4266 1239 4310 suam
1263 4248 1400 4312 canoni-

288 4349 397 4414 calem
413 4349 448 4413 in
465 4349 585 4412 eadem
602 4349 681 4413 eccl.
700 4348 781 4413 Coll.
801 4348 855 4412 die
873 4349 978 4424 Lune,
997 4349 1158 4414 videlicet
1175 4350 1400 4417 decimonono

289 4453 343 4517 die
359 4453 485 4517 mensis
502 4453 707 4517 Nouembris
723 4453 846 4517 vltimo
862 4454 1038 4538 preterito
1056 4454 1150 4518 iacta
1166 4455 1325 4539 primitus
1340 4477 1401 4541 per

287 4558 401 4642 ipsum
420 4557 455 4622 in
475 4557 610 4641 scriptis
630 4578 669 4621 ac
689 4558 913 4642 personaliter
932 4562 966 4620 et
986 4559 1020 4622 in
1041 4559 1159 4623 debita
1178 4559 1289 4623 forma
1302 4560 1401 4624 iuxta

288 4661 573 4727 consuetudinem
595 4667 630 4726 et
653 4667 789 4726 statuta
811 4662 891 4727 eccl.
916 4662 1068 4746 predicte
1090 4664 1342 4748 protestacione
1365 4665 1400 4730 in

288 4787 328 4832 ea
354 4772 453 4852 parte
479 4773 655 4842 consueta,
683 4766 848 4851 inceperit
872 4772 907 4832 et
930 4767 1153 4844 inchoauerit‚
1179 4763 1305 4854 ac'per
1331 4775 1400 4834 tres

1443 2942 1447 2951 ⁸
1479 2888 1552 2952 ¹.45.9·

1441 2946 1591 3006 mcipiente

1450 3009 1518 3058 Mar.
1534 3021 1576 3072 25.
