3392 5650
560 716 657 780 Acrs
682 735 728 780 or
752 716 943 782 enarrari.
1266 735 1306 796 29

200 893 362 959 confratri
382 905 510 970 nostro,
530 894 676 956 salutern
695 905 729 956 et
746 891 930 955 fraternam
950 893 983 954 in
1006 892 1098 955 D'no
1114 892 1301 955 caritatem.

203 994 326 1058 Vestte
354 992 554 1055 fraternitati
584 1004 702 1055 tenore
728 992 944 1073 presencium
971 991 1184 1067 intimamus
1211 991 1304 1073 quod

201 1114 278 1157 curn
299 1112 408 1174 nuper
425 1090 613 1155 venerabili
633 1090 718 1172 patri
740 1106 772 1153 et
794 1090 876 1153 d'no
895 1105 1012 1155 nostro
1031 1092 1306 1174 Archiepiscopo

201 1194 336 1256 oculata
354 1190 420 1254 fide
437 1189 648 1253 constitisset
665 1188 757 1271 quod
776 1191 894 1253 tabula
917 1190 1035 1271 magni
1061 1190 1179 1253 altaris
1198 1191 1303 1254 nostri

202 1304 371 1355 vetustate
404 1289 511 1351 nimia
542 1301 751 1370 consumpta
790 1287 887 1364 foret,
946 1290 984 1351 ln
1018 1283 1149 1353 ‘virtute
1188 1304 1305 1353 sancte

203 1393 404 1459 obediencie
421 1407 453 1455 et
478 1396 544 1456 sub
569 1412 658 1474 pena
682 1391 782 1474 graui
809 1389 1008 1472 pecuniaria
1032 1411 1093 1452 sue
1117 1390 1307 1453 elemosine

202 1492 423 1577 applicanda,
455 1491 598 1555 firmiter
627 1489 844 1574 iniungendo
872 1489 1051 1552 mandauit
1079 1503 1114 1552 ut
1138 1488 1305 1553 Canonici

204 1593 314 1676 ipsius
333 1592 477 1656 ecclesie
498 1613 601 1654 vnam
623 1593 776 1655 tabulam
800 1589 1040 1652 honorabilem
1066 1590 1139 1652 suis
1163 1590 1309 1672 sumpti·

203 1696 268 1757 bus
315 1692 403 1755 infra
448 1706 578 1755 certum
626 1691 811 1754 terminum
860 1702 1098 1753 construerent
1144 1707 1175 1753 et
1222 1690 1305 1753 inibi

202 1794 424 1868 collocarent,
473 1792 515 1854 ad
563 1791 663 1854 cuius
717 1809 840 1873 penam
889 1788 1119 1871 dampnosam
1167 1791 1307 1854 caucius

202 1892 401 1955 euitandam
443 1904 476 1954 et
506 1892 663 1954 decorem
699 1890 808 1972 ipsius
840 1889 983 1952 ecclesie
1015 1903 1048 1953 et
1078 1890 1305 1955 deuocionem

204 1992 322 2074 populi
342 1990 552 2054 fructuosam
571 1989 756 2053 salubriter
780 1988 964 2051 inducend.
985 1988 1174 2054 confratres
1200 1992 1305 2054 nostri

205 2106 381 2175 presentes
413 2091 612 2173 Capitulum
647 2090 810 2153 facientes
842 2110 948 2151 vnum
982 2089 1146 2153 artificem
1181 2091 1214 2153 in
1249 2092 1308 2155 illo

203 2213 306 2275 opere
323 2205 503 2274 expertum
521 2205 554 2255 et
576 2191 722 2254 sciolum
750 2210 812 2272 pro
836 2202 927 2252 certa
948 2189 1104 2253 mercede
1121 2192 1308 2255 constituta

204 2292 348 2375 prouide
394 2293 647 2366 conduxerunt,
690 2302 721 2353 et
769 2290 887 2371 porcio
925 2290 1110 2353 cuiuslibet
1147 2292 1305 2356 canonici

204 2392 314 2474 ipsius
331 2392 474 2456 ecclesie
493 2412 554 2474 pro
571 2391 661 2454 dicta
680 2390 835 2453 mercede
852 2390 1022 2452 soluenda
1037 2390 1080 2453 ad
1106 2412 1150 2452 xx
1175 2392 1306 2456 solidos

203 2513 239 2556 se
256 2492 420 2564 extendit,
443 2492 515 2555 Vos
532 2512 617 2572 ergo
635 2490 854 2571 requirimus,
874 2503 906 2552 et
927 2490 960 2552 in
980 2490 1103 2554 virtute
1121 2491 1303 2557 iuramenti
1344 2509 1506 2574 Singnteprr

203 2596 245 2659 de
261 2595 514 2659 contribuendo
538 2594 801 2657 necessitatibus
824 2590 968 2655 ecclesie
992 2612 1070 2654 curn
1095 2594 1305 2657 occurrerint
1320 2575 1415 2688 ξιξξξξιι
1429 2586 1506 2692 Ῑξξζξ

205 2694 347 2776 prestiti,
384 2694 603 2777 iniungimus
634 2706 668 2755 et
699 2691 908 2754 mandamus
939 2691 1104 2772 quatinus
1137 2694 1305 2774 premissa
1320 2705 1397 2781 hunius
1434 2711 1506 2757 eccle

1320 2786 1368 2827 ste,
1406 2781 1430 2819 ot
1468 2791 1503 2824 no

203 2795 317 2859 debite
334 2794 593 2859 considerantes
610 2793 652 2857 de
670 2792 794 2875 viginti
809 2792 931 2855 solidis
945 2812 1007 2855 vos
1019 2794 1306 2877 contingentibus

204 2895 287 2958 citra
315 2896 417 2958 talem
443 2895 628 2958 terminum
656 2893 808 2974 plenarie
832 2891 1063 2970 satisfaciatis,
1090 2896 1306 2959 attendentes
1320 2915 1362 2950 ter
1387 2905 1423 2951 ad
1448 2909 1506 2955 solo

1319 2853 1506 2905 communaprt

203 2994 297 3076 quod
323 3015 383 3077 per
401 3015 527 3057 nouam
553 2992 812 3056 ordinacionem
838 3012 943 3074 super
968 2993 1157 3058 residencia
1181 2970 1438 3083 ίᾶοἰθη-ξξξξιξξ
1472 2989 1506 3086 31]

204 3092 296 3169 dam,
329 3114 388 3175 per
419 3112 522 3174 quant
556 3111 744 3154 communa
774 3091 817 3152 ad
850 3091 915 3154 boc
946 3092 1105 3156 ordinata
1135 3097 1180 3157 ab
1211 3095 1305 3158 omni
1321 3099 1430 3175 ⁴‹littacio
1448 3116 1506 3182 ραις

204 3213 308 3256 onere
325 3206 358 3256 et
375 3192 590 3274 prestacione
608 3203 825 3272 preterquam
844 3190 886 3253 de
908 3192 1044 3255 salariis
1069 3194 1305 3258 ministrorum
1322 3169 1504 3283 ἱξιιιιιξῗιιιιξξί

204 3292 347 3356 ecclesie
364 3291 483 3354 effecta
500 3304 552 3354 est
568 3291 676 3354 libera
692 3305 725 3353 et
745 3290 922 3353 immunis.
975 3291 1102 3355 Nullus
1118 3295 1307 3358 canonicus
1323 3301 1406 3347 reteri
1442 3301 1506 3364 scri,

206 3391 315 3474 ipsius
332 3390 475 3454 ecclesie
497 3411 517 3452 a
539 3390 715 3453 consuetis
739 3389 1062 3454 contribucionibus
1086 3404 1118 3456 et
1142 3395 1308 3457 oneribus
1323 3374 1402 3415 “¹¹⁴³’'

204 3505 255 3555 cst
293 3501 430 3565 exutus,
465 3490 525 3552 sed
564 3503 728 3552 oneratus
768 3502 923 3553 remanet
961 3491 1049 3554 sicut
1089 3493 1194 3575 prius.
1270 3494 1307 3556 ln

205 3591 354 3654 fraterna
385 3590 575 3653 dileccione
606 3603 788 3652 conseruet
821 3610 884 3652 vos
912 3588 1128 3664 Altissimus,
1158 3605 1254 3674 regat
1278 3607 1310 3657 et

204 3691 333 3771 dirigat
350 3701 476 3751 statum
495 3703 659 3751 vestrum.
712 3689 791 3750 Dat.
814 3688 847 3749 in
868 3688 1030 3771 Capitulo
1049 3705 1177 3764 nostr0‚
1198 3706 1260 3757 ctc.

539 3837 608 3914 (33)
636 3837 725 3898 lrnn
752 3854 838 3900 ntro
863 3855 978 3901 nont).

293 3961 503 4044 Supplicant
532 3961 727 4042 paternitati
757 3976 869 4025 vestre
898 3966 1084 4030 reuerende
1108 3967 1223 4031 deuoti
1249 3968 1310 4032 filii
1361 3983 1490 4033 nodare.

206 4061 309 4125 vestri
342 4060 544 4143 Capitulum
577 4074 609 4122 et
645 4059 812 4125 Canonici
845 4064 989 4128 eccle-sie
1021 4079 1132 4131 vestre
1167 4068 1309 4151 Ripon',

206 4161 373 4243 quatinus
389 4159 499 4241 ipsam
514 4159 708 4236 ecclesiam,
727 4161 839 4242 ipsum
856 4161 1069 4245 Capitulum,
1086 4169 1312 4252 eiusdemque

207 4260 416 4329 Canonicos,
432 4257 523 4342 jura,
545 4258 729 4335 libertates
747 4274 779 4324 et
796 4265 1066 4330 consuetudines
1085 4268 1313 4334 racionabiles

207 4366 334 4428 habere
351 4364 465 4427 velitis
483 4363 510 4425 si
535 4363 645 4445 placet
664 4364 963 4428 recommendatos
980 4379 1013 4429 et
1029 4368 1167 4432 eosdem
1188 4370 1221 4431 in
1240 4371 1313 4434 stris

208 4465 342 4527 iuribus
370 4477 403 4526 et
431 4463 745 4528 consuetudinibus
776 4487 815 4528 ac
848 4465 1064 4529 libertatibus
1090 4482 1313 4535 manutenere

208 4566 297 4629 sicut
315 4564 426 4628 facitis
442 4564 530 4626 alias
548 4578 679 4626 vestras
696 4565 860 4629 ecclesias
886 4564 1019 4631 filiales.
1073 4569 1114 4632 Et
1132 4571 1209 4634 licet
1226 4572 1314 4636 dicte

207 4665 350 4729 ecclesie
382 4663 511 4746 Ripon'
540 4662 610 4726 filie
640 4678 751 4728 vestre
782 4665 919 4743 deuote,
944 4665 1033 4750 jura,
1067 4669 1251 4746 libertates
1284 4687 1316 4735 et

274 4820 282 4842 ¹
302 4817 332 4864 In
344 4831 361 4862 a
374 4819 443 4862 later
456 4815 539 4863 hand.
