3392 5650
179 3325 252 3372 1410,

153 3378 219 3441 ltlay
235 3393 275 3438 30.

116 3445 168 3508 Bp.
190 3446 312 3495 (fliflord.

334 690 397 756 160
619 693 697 757 Tur
723 693 879 758 Iuorrav
904 692 1150 757 Mauoscmpr.

332 871 480 937 Rob'tus
504 873 643 957 Lytster
667 874 750 937 alias
774 874 816 937 de
839 873 1080 956 Asmonderby
1104 873 1264 957 primitus
1286 873 1443 957 optinuit

331 997 390 1060 per
422 978 687 1062 resignacionem
720 978 803 1041 dicti
836 978 908 1042 d’ni
942 977 1085 1041 Roberti
1117 998 1233 1041 coram
1265 978 1364 1042 nobis
1396 998 1443 1043 ex

330 1102 432 1146 causa
469 1082 734 1166 permutacionis
770 1081 924 1146 faciende
959 1103 1038 1146 cum
1074 1081 1236 1146 Cantaria
1271 1089 1442 1166 perpetua

331 1186 396 1250 S'ci
409 1186 544 1251 Andree
556 1187 647 1270 Ap’li
665 1187 697 1250 in
711 1187 790 1251 eccl.
807 1186 888 1251 Coll.
904 1186 1068 1270 predicta,
1083 1187 1154 1251 n’re
1169 1186 1439 1269 Jurisdiccionis,

329 1311 435 1375 quam
467 1291 557 1354 idem
589 1291 666 1354 d'ns
697 1290 815 1373 Joh’es
846 1290 888 1354 de
921 1290 1062 1355 Fuliord
1094 1290 1254 1374 primitus
1284 1290 1441 1375 optinuit

331 1395 459 1459 iactam
497 1401 531 1458 et
569 1415 629 1478 per
666 1416 728 1458 nos
765 1395 951 1459 admissam
985 1400 1179 1468 vacantem,
1215 1394 1289 1458 vice
1323 1401 1442 1459 vestra

329 1499 548 1573 contulimus,
578 1506 612 1563 et
640 1499 752 1583 ipsum
780 1499 917 1581 Joh'em
946 1518 1005 1582 per
1032 1498 1174 1562 modum
1202 1504 1236 1562 et
1264 1518 1306 1563 ex
1333 1519 1441 1563 causa

330 1604 596 1687 permutacionis
610 1604 804 1667 huiusmodi
820 1624 881 1687 per
893 1603 970 1666 libri
985 1602 1209 1667 tradicionem
1224 1602 1441 1668 instituimus

329 1708 491 1772 canonice
524 1708 557 1772 in
586 1708 716 1780 eadem,
741 1728 820 1772 cum
843 1708 913 1772 suis
937 1707 1066 1771 iuribus
1090 1713 1124 1770 et
1148 1713 1234 1790 pert.
1260 1706 1437 1773 vniuersis.

331 1812 537 1877 Iuduccione
561 1812 644 1876 dicti
668 1812 739 1876 d'ni
763 1812 874 1894 Joh'is
898 1812 933 1874 in
957 1811 1167 1895 corporalem
1191 1811 1439 1895 possessionem

330 1917 420 1981 dicte
447 1917 571 1981 vicarie
598 1917 640 1980 de
667 1917 826 1981 Aluothle
854 1937 893 1980 ac
920 1916 1025 2000 ipsius
1052 1915 1248 1980 obediencie
1274 1917 1439 1981 canonice

330 2021 525 2105 recepcione
569 2021 667 2085 vobis
710 2021 903 2105 specialiter
947 2020 1137 2085 reseruatis.
1186 2020 1439 2085 Patamitatem

329 2132 480 2189 vestram
500 2125 722 2190 reuerendam
739 2125 797 2189 diu
816 2130 995 2188 conseruet
1015 2124 1048 2188 in
1068 2124 1238 2207 prosperis
1253 2124 1439 2189 clemencia

330 2230 527 2294 Saluatoris.
576 2230 656 2294 Dat.
690 2229 723 2293 in
755 2229 859 2293 domo
890 2228 963 2292 n'ra
995 2228 1194 2311 Capitulari,
1226 2234 1352 2313 quarto
1382 2229 1439 2293 die

328 2334 453 2398 mensis
473 2334 630 2413 Augusti,
652 2334 753 2397 Anno
773 2334 854 2397 D’ni
874 2333 925 2397 Μ0
944 2346 1061 2397 ccccm0
1080 2332 1223 2397 decimo.

331 2553 418 2634 (234)
439 2551 617 2615 Auuussro
635 2550 711 2614 o'm
735 2550 863 2614 Roa’rr
881 2549 1138 2614 Asuouonaur
1155 2567 1204 2614 an
1221 2550 1436 2615 Cauraamu
1461 2572 1464 2577 ’

359 2646 441 2720 sn
467 2655 624 2719 Auoasa
648 2655 838 2719 Aponon.

416 2824 473 2889 Ca.
496 2825 575 2889 eccl.
598 2822 680 2889 Coll.
702 2825 754 2888 be.
777 2822 886 2888 Wilfr.
911 2822 988 2907 Rip.
1011 2822 1068 2900 dil.
1091 2824 1190 2887 nobis
1211 2824 1245 2888 in
1267 2845 1335 2910 xpo
1355 2824 1439 2889 d'no

329 2929 370 2994 R.
398 2929 434 2994 L.
461 2929 545 2993 alias
569 2929 611 2992 de
635 2928 688 3003 A„
714 2949 761 2992 sa.
788 2929 822 2991 in
848 2934 988 2992 auctore
1012 2928 1144 2993 salutis.
1193 2929 1342 2993 Litteras
1366 2950 1436 2994 reu.

328 3035 362 3098 in
376 3055 445 3118 xpo
461 3054 515 3117 pa.
530 3040 564 3096 et
581 3033 652 3096 d’ni
670 3033 710 3096 R.
727 3032 834 3097 Lond.
851 3033 929 3116 Ep’i
945 3053 1007 3116 pro
1024 3038 1058 3096 te
1074 3053 1183 3116 nuper
1198 3033 1386 3117 recepimus
1402 3034 1437 3098 in

328 3139 389 3202 hec
408 3139 523 3202 verba.

417 3305 533 3369 Ric'us
551 3325 656 3388 parm.
677 3304 745 3368 diu.
767 3304 874 3369 Lond.
895 3305 958 3388 Ep.
979 3325 1055 3369 ven.
1076 3304 1158 3367 viris
1176 3304 1233 3370 Ca.
1253 3304 1332 3370 eccl.
1352 3304 1435 3369 Coll.

327 3411 360 3474 b.
383 3409 475 3473 Petri
498 3410 539 3473 de
565 3409 618 3483 R„
640 3430 687 3473 sa.
710 3409 743 3472 in
766 3409 920 3473 omnium
945 3409 1133 3483 Saluatore,
1156 3415 1234 3484 etc,
1258 3414 1298 3474 vt
1321 3430 1435 3493 supra.

328 3514 481 3598 Quarum
511 3514 719 3578 auctoritate
748 3513 942 3577 litterarum
972 3520 1078 3598 atque
1107 3513 1192 3588 n’ra,
1222 3514 1334 3578 causis
1362 3534 1437 3598 per-

328 3618 533 3683 mutacionis
573 3638 634 3702 per
673 3638 735 3682 nos
775 3618 913 3692 auditis,
955 3618 1171 3693 examinatis,
1213 3624 1247 3681 et
1287 3618 1437 3702 plenarie

327 3722 497 3798 discussis,
519 3723 668 3806 ipsisque
687 3722 776 3786 veris
795 3728 830 3785 et
850 3721 1011 3806 legitimis
1030 3722 1180 3786 inuentis
1199 3728 1234 3786 et
1255 3729 1437 3807 propterea

327 3847 388 3911 per
412 3848 474 3890 nos
500 3826 711 3911 approbatis,
738 3826 813 3902 sibi,
841 3826 883 3890 de
909 3826 1005 3891 cuius
1031 3827 1161 3890 meritis
1187 3833 1221 3891 et
1247 3827 1436 3892 virtutibus

327 3932 493 3995 sinceram
516 3931 551 3995 in
575 3931 656 3994 d'no
679 3930 840 3995 fiduciam
865 3931 1070 4014 optinemus,
1096 3931 1286 4015 predictam
1310 3931 1435 3996 Canta-

327 4036 413 4099 riam
434 4036 478 4099 ad
499 4035 616 4098 Altare
638 4034 703 4098 S’ci
724 4035 860 4099 Andree
881 4034 952 4098 n're
973 4034 1240 4117 Jurisdiccionis,
1263 4035 1435 4120 adquam

327 4160 388 4223 per
407 4139 576 4203 Thomam
597 4139 639 4203 de
662 4139 909 4223 Merkyngield,
932 4160 1053 4204 verum
1074 4145 1261 4224 patronum
1283 4140 1435 4206 eiusdem

327 4244 425 4307 nobis
462 4264 504 4307 ex
540 4263 644 4307 causa
680 4244 947 4326 permutacionis
985 4243 1075 4308 facte
1112 4265 1190 4308 cum
1228 4244 1356 4310 vicaria
1392 4245 1435 4310 de

326 4347 485 4411 Aluethle
506 4368 612 4432 quam
635 4353 674 4411 tu
696 4347 856 4431 primitus
878 4348 1059 4431 optinuisti
1082 4348 1211 4413 factam
1234 4355 1268 4412 et
1291 4368 1352 4432 per
1373 4370 1435 4414 nos

327 4451 511 4516 admissam
529 4458 724 4527 vacantem,
744 4452 973 4526 admittimus,
993 4458 1028 4516 et
1047 4458 1081 4516 te
1099 4473 1160 4536 per
1177 4453 1319 4518 modum
1338 4458 1434 4535 etex

327 4577 430 4620 causa
465 4556 731 4640 permutacionis
767 4556 963 4620 huiusmodi
1000 4577 1060 4640 per
1095 4557 1172 4621 libri
1208 4558 1435 4623 tradicionem

326 4661 539 4725 instituimus
559 4660 721 4724 canonice
742 4660 784 4724 de
805 4660 926 4740 eadem
946 4681 1025 4725 cum
1046 4661 1116 4726 suis
1137 4661 1267 4727 iuribus
1288 4669 1323 4727 et
1344 4669 1431 4748 pert.

326 4765 503 4840 vniuersis,
521 4771 556 4828 et
574 4772 607 4828 te
625 4765 659 4828 in
676 4765 888 4849 corporalem
904 4765 1151 4849 possessionem
1168 4766 1259 4831 dicte
1276 4766 1435 4833 Cantarie
