3392 5650
127 3716 185 3765 The
197 3717 292 3765 Vicars

133 3784 205 3832 have
220 3785 288 3832 been

125 3850 253 3913 enjoined
268 3854 298 3898 to

161 3917 215 3965 live
228 3917 256 3964 in

126 3998 254 4032 common
270 3983 296 4031 iu

111 4050 182 4098 their
191 4051 307 4098 Bedern.

328 686 390 750 150
611 670 689 734 Tua
715 670 870 733 Iucrissx
894 667 1141 732 quuscnrrr.

325 849 515 933 infligendis
532 849 560 912 si
576 870 639 913 sua
656 848 822 913 demerita
839 849 903 912 hoc
920 853 1118 930 exposcant.
1166 845 1254 909 Acta
1270 850 1351 909 sunt
1368 843 1431 907 hec

325 974 416 1017 anno
440 953 514 1017 loco
538 960 573 1017 et
597 953 651 1018 die
676 953 892 1036 supradictis,
918 952 1134 1036 presentibus
1158 950 1239 1015 d'no
1264 949 1364 1033 Joh’e
1388 947 1431 1012 de

326 1056 462 1121 Rednes
482 1057 763 1121 subthezaurario
782 1056 920 1120 ecclesie
940 1062 974 1120 et
994 1055 1132 1139 vicarijs
1152 1053 1367 1138 supradictis,

343 1248 430 1330 (221)
460 1248 543 1328 (The
560 1250 710 1333 Chapter
726 1247 825 1312 order
841 1249 900 1311 the
916 1248 1034 1312 Vicars
1051 1253 1088 1313 to
1105 1247 1171 1310 live
1188 1246 1222 1310 in
1238 1244 1430 1327 Common).

414 1390 503 1453 Item
531 1389 596 1474 vij⁰
624 1390 678 1453 die
709 1390 805 1473 Julij,
835 1390 937 1453 Anno
965 1389 1046 1452 D’ni
1074 1388 1282 1472 supradicto
1312 1385 1432 1471 Mag’ri

325 1492 433 1557 Will's
455 1494 496 1557 de
518 1494 653 1568 Cawod,
676 1494 789 1557 Adam
811 1493 853 1556 de
876 1493 1073 1568 Fenrother,
1097 1498 1131 1556 et
1153 1492 1229 1556 d'ns
1250 1491 1367 1575 Joh’es
1389 1489 1431 1554 de

326 1597 431 1673 Dene,
459 1598 631 1673 Canonici,
660 1598 694 1662 in
722 1598 825 1662 domo
852 1597 1041 1681 capitulari
1067 1602 1312 1671 conuenerunt,
1339 1595 1431 1679 capi-

325 1702 437 1766 tulum
456 1702 629 1777 facientes
649 1702 837 1786 habitoque
856 1708 1010 1766 tractatu
1028 1722 1106 1765 cum
1124 1699 1268 1784 Vicarijs
1286 1700 1330 1764 ad
1348 1706 1431 1764 tunc

324 1806 547 1890 personaliter
576 1827 692 1871 coram
722 1807 769 1869 eis
799 1806 1036 1881 existentibus
1068 1806 1110 1869 de
1140 1811 1175 1869 et
1201 1825 1306 1889 ‘super
1335 1824 1431 1868 mora

323 1931 386 1974 sua
413 1911 448 1974 in
476 1911 650 1975 communi
678 1932 796 1975 mensa
824 1910 982 1974 iacienda
1010 1931 1071 1994 pro
1101 1916 1139 1974 ut
1169 1910 1216 1973 eis
1245 1908 1287 1973 al'
1318 1909 1431 1973 luerat

323 2014 516 2079 iniunctum
543 2015 676 2079 vicibus
704 2016 828 2097 repetis
859 2014 929 2097 (sic)
961 2036 1000 2078 ac
1028 2014 1248 2078 attendentes
1276 2034 1318 2077 ex
1346 2012 1432 2077 lacti

322 2118 491 2203 qualitate
504 2125 538 2183 et
551 2119 791 2183 verisimilibus
803 2118 1007 2183 coniecturis
1019 2118 1113 2202 quod
1126 2118 1170 2182 ad
1183 2116 1430 2182 comorandum

323 2222 356 2286 in
377 2224 550 2287 communi
569 2229 672 2307 prout
692 2224 739 2286 eis
758 2224 871 2307 sepius
891 2223 1003 2288 fuerat
1023 2222 1216 2287 iniunctum
1235 2242 1271 2286 se
1289 2220 1430 2285 minime

322 2326 562 2410 disponebant,
595 2327 655 2391 Mr.
688 2327 796 2391 Will’s
826 2327 868 2391 de
898 2327 1023 2391 Cawod
1053 2327 1127 2391 vice
1157 2333 1192 2391 et
1222 2325 1430 2390 auctoritate

322 2431 471 2513 Capituli
491 2432 535 2495 ad
556 2438 714 2516 rogatum
733 2438 768 2494 et
788 2431 830 2494 de
850 2452 1009 2514 expresso
1029 2452 1195 2496 consensu
1214 2431 1428 2495 confratrum

321 2556 460 2599 suorum
484 2536 727 2619 predictorum,
753 2555 869 2599 coram
893 2535 1037 2619 Viearijs
1061 2535 1189 2600 ibidem
1213 2534 1429 2619 presentibus

321 2640 508 2723 quamdam
525 2640 641 2703 billam
657 2661 762 2724 quam
778 2640 813 2703 in
828 2660 934 2703 manu
949 2661 1012 2704 sua
1027 2641 1168 2704 tenebat
1183 2638 1318 2722 publice
1333 2638 1425 2723 legit.

321 2743 489 2829 dictisque
507 2743 644 2828 vicarijs
660 2743 822 2807 iniuncsit
840 2750 943 2827 prout
960 2744 995 2808 in
1012 2744 1106 2807 dicta
1123 2743 1203 2808 billa
1221 2743 1427 2817 continetur,

322 2849 418 2913 cuius
438 2855 536 2913 tenor
554 2849 720 2933 sequitur,
741 2855 774 2912 et
795 2854 846 2912 est
866 2849 954 2913 talis.

696 3041 783 3123 (222)
814 3041 897 3123 (The
922 3041 1145 3125 lnjunction).

413 3185 453 3248 In
500 3183 563 3248 Dei
611 3183 759 3258 nomine,
806 3184 927 3248 Amen.
975 3184 1061 3248 Cum
1107 3204 1226 3267 nuper,
1275 3183 1348 3247 vice
1395 3190 1430 3247 et

324 3288 531 3352 auctoritate
553 3288 702 3371 Capituli
724 3288 823 3352 vobis
845 3287 983 3371 vicarijs
1005 3288 1103 3352 istius
1125 3287 1262 3352 ecclesie
1283 3308 1431 3372 quorum

324 3393 478 3456 omnium
496 3399 529 3455 et
547 3393 757 3476 singulorum
774 3392 915 3456 nomina
932 3393 1098 3456 habemus
1115 3392 1168 3456 hic
1186 3412 1248 3476 pro
1265 3392 1431 3477 expressis

323 3497 357 3581 xj
387 3497 441 3560 die
467 3497 592 3560 mensis
619 3496 698 3580 Maij
728 3497 762 3560 in
790 3497 854 3560 liae
881 3496 984 3560 domo
1010 3503 1128 3561 nostra
1155 3497 1343 3580 Capitulari
1369 3516 1431 3580 per

324 3601 557 3664 honorabilem
598 3601 711 3664 virum
752 3600 954 3684 Magistrum
994 3600 1107 3665 Adam
1147 3601 1190 3664 de
1230 3600 1429 3677 Fenrother,

324 3706 526 3770 canonicum
575 3711 609 3768 et
659 3705 935 3769 residenciarium
984 3705 1083 3769 istius
1132 3705 1268 3769 ecclesie
1318 3706 1431 3770 fuerat

324 3810 485 3873 canonice
525 3808 718 3873 iniunctum
758 3816 792 3872 et
833 3809 868 3873 in
907 3810 1037 3874 virtute
1077 3816 1195 3874 sancte
1235 3809 1431 3874 obediencie

324 3913 572 3978 demandatum
594 3919 634 3976 vt
652 3913 870 3997 prouideritis
886 3914 984 3977 vobis
1008 3913 1050 3978 de
1074 3913 1177 3978 domo
1201 3914 1290 3978 infra
1313 3913 1432 3978 beder-

324 4039 405 4081 nam
443 4020 515 4081 siue
553 4037 712 4081 mansum
750 4017 956 4081 vicariorum
989 4018 1024 4081 in
1056 4039 1126 4102 qua
1158 4017 1261 4081 domo
1294 4017 1432 4101 possitis

323 4120 424 4185 simul
445 4121 621 4185 comedere
643 4127 677 4184 et
699 4121 734 4184 in
756 4141 875 4184 mensa
896 4121 1019 4185 vestris
1040 4120 1237 4204 sumptibus
1258 4121 1374 4185 viuere
1395 4121 1431 4184 in

323 4225 497 4289 communi
511 4225 597 4288 eitra
610 4224 701 4287 diem
716 4225 811 4288 Lune
826 4244 922 4308 prox.
939 4232 1017 4307 post
1032 4225 1159 4289 testum
1173 4225 1431 4308 Assumpcionis

322 4329 470 4413 Virginis
500 4328 643 4413 gloriose
674 4348 770 4411 prox.
805 4328 962 4392 futurum
994 4335 1096 4412 prout
1129 4330 1193 4393 hoc
1224 4329 1315 4393 idem
1347 4329 1431 4393 alias

322 4433 420 4497 vobis
441 4433 554 4497 fuerat
576 4432 768 4496 iniunctum
790 4438 824 4496 et
846 4432 1118 4508 demandatum;
1144 4432 1283 4517 Nosque
1305 4431 1431 4497 Willel-

322 4557 398 4601 mus
421 4536 463 4600 de
486 4536 621 4611 Cawnd,
646 4535 759 4600 Adam
782 4536 824 4599 de
847 4537 1037 4600 Fenrother
1059 4542 1094 4600 et
1117 4537 1235 4619 Joh'es
1257 4537 1299 4601 de
1323 4538 1430 4613 Dene,

321 4641 476 4705 canonici
491 4646 526 4704 et
541 4640 757 4723 prebendarii
772 4641 1024 4724 prebendarum
1040 4641 1082 4704 de
1096 4641 1242 4724 Thorpe‚
1260 4641 1430 4725 Nonwyk,

322 4751 356 4809 et
389 4745 432 4808 de
465 4745 722 4830 Staynwygges‚
757 4745 913 4808 nolentes
946 4751 1065 4809 nostra
1097 4745 1235 4810 decreta
1268 4767 1328 4810 seu
1364 4746 1428 4829 (61)
