3392 5650
167 882 240 941 ¹3⁶9.

140 946 200 996 Mar
225 961 238 981 0

319 720 380 783 132
603 700 681 765 Tua
707 699 862 764 luditur
887 697 1143 763 Mammen-

405 882 520 946 Sciant
538 887 712 964 presentes
728 879 822 963 quod
839 898 901 962 ego
919 877 1033 942 Dauid
1050 877 1092 941 de
1109 876 1256 941 Wollore
1273 876 1423 941 concessi

125 962 282 1063 chamelzi
316 993 350 1050 et
373 986 437 1049 hac
458 985 606 1068 presenti
630 991 726 1048 carta
750 1004 826 1047 mea
847 982 1047 1046 confirmaui
1072 982 1223 1065 Johanni
1245 982 1287 1046 de
1308 981 1423 1065 Clynt‚

133 1081 224 1129 David
238 1082 272 1130 <¹⁰
317 1097 483 1174 perpetuo
499 1089 683 1172 Capellano
698 1088 857 1152 Cantarie
874 1087 992 1152 altaris
1007 1088 1100 1150 beati
1116 1087 1251 1151 Andree
1267 1086 1425 1171 Apostoli

138 1147 266 1204 Wollore‚

138 1215 268 1277 granting
318 1196 351 1258 in
369 1193 509 1257 ecclesia
526 1192 711 1277 Collegiata
730 1191 867 1275 Ripon’,
886 1198 964 1255 octo
981 1191 1165 1274 mesuagia,
1184 1190 1253 1255 duo
1269 1190 1425 1275 gardina,

120 1281 284 1330 ¹¹⁰¹¹⁸⁰⁸³¹¹d
317 1306 396 1362 octo
415 1318 511 1362 acras
531 1305 619 1361 terre
638 1305 673 1361 et
692 1296 882 1369 dimidiam,
903 1315 1008 1358 vnam
1028 1314 1142 1358 acram
1162 1294 1253 1377 prati
1272 1300 1307 1358 et
1326 1293 1426 1358 dimi-

149 1348 213 1396 land
228 1348 255 1395 in

155 1415 254 1478 RIpon.

318 1404 422 1478 diam,
445 1410 479 1466 et
502 1402 633 1486 triginti
655 1409 689 1465 et
710 1402 862 1485 quinque
884 1400 1048 1463 solidatas
1069 1406 1102 1462 et
1125 1406 1204 1462 octo
1225 1398 1427 1464 denarratas

318 1507 472 1571 redditus
511 1527 590 1570 cum
634 1505 854 1588 pertinenciis
890 1505 925 1567 in
970 1503 1094 1586 Rip0n‚
1139 1502 1230 1567 vnde
1274 1503 1427 1587 quinque

318 1612 491 1695 mesuagia
510 1610 647 1674 insimul
666 1610 777 1674 iacent
797 1611 830 1674 in
849 1610 880 1672 le
899 1607 1127 1671 Merketstede
1146 1608 1235 1671 inter
1252 1607 1427 1691 mesuagio

318 1715 487 1799 Johannis
506 1715 548 1778 de
568 1714 712 1779 Tanleld
732 1734 773 1778 ex
793 1721 891 1797 parte
910 1734 979 1777 vna
999 1720 1033 1776 et
1053 1732 1201 1797 mesuag.
1223 1712 1364 1778 Walteri
1385 1712 1428 1776 de

318 1820 426 1884 Ledes
448 1839 489 1883 ex
514 1825 611 1902 parte
635 1819 752 1883 altera.
802 1819 891 1881 Item
914 1837 1022 1881 vnum
1045 1817 1257 1902 mesuagium
1280 1818 1368 1881 iacet
1392 1817 1426 1881 in
1517 1841 1522 1848 “

318 1923 567 2007 Alhaloghgate
604 1923 702 1986 iuxta
739 1925 951 2006 mesuagium
990 1922 1107 1986 Rob’ti
1145 1922 1187 1985 de
1224 1922 1425 1987 Brunhows

319 2023 408 2092 Item
445 2049 553 2092 vnum
589 2028 771 2110 gardinum
808 2027 897 2091 iacet
935 2026 1062 2089 ibidem
1099 2027 1197 2090 iuxta
1234 2026 1428 2110 predictum

318 2133 541 2217 mesuagium,
560 2139 594 2195 et
612 2133 778 2196 abbuttat
795 2151 898 2215 super
914 2131 1095 2220 gardinum
1115 2131 1226 2195 Isolde
1244 2131 1373 2206 Milner,
1392 2137 1427 2195 et

318 2239 387 2302 duo
425 2237 599 2320 mesuagio
637 2237 749 2301 iacent
789 2238 822 2300 in
863 2236 1039 2319 Annsgate
1078 2236 1176 2300 iuxta
1213 2236 1427 2320 mesuagium

319 2342 445 2407 fabrice
471 2341 608 2404 ecclesie
635 2341 759 2424 Ripon'
786 2347 820 2403 et
846 2361 954 2404 vnum
979 2340 1161 2424 gardinum
1187 2342 1274 2405 iacet
1300 2340 1428 2405 ibidem

318 2447 441 2509 subtus
458 2465 594 2508 murum
615 2444 779 2508 Cimiterii
800 2465 841 2507 ex
862 2451 960 2527 parte
980 2445 1122 2509 australi
1142 2446 1288 2509 ecclesie.
1338 2446 1428 2510 Item

319 2561 398 2613 octo
422 2569 497 2613 acre
522 2559 610 2611 terre
634 2555 668 2611 et
693 2548 835 2612 dimidia
859 2555 893 2612 et
917 2569 987 2612 vna
1010 2569 1089 2613 acra
1112 2550 1203 2632 prati
1227 2557 1261 2613 et
1285 2549 1429 2614 dimidia

320 2655 431 2718 iacent
458 2673 518 2737 per
544 2653 708 2736 parcellas
734 2653 769 2716 in
795 2652 926 2735 Campo
954 2653 1077 2736 Ripon'
1106 2655 1140 2718 in
1167 2654 1308 2718 diuersis
1334 2654 1426 2719 locis

321 2759 410 2822 Item
445 2757 567 2842 viginti
603 2757 767 2820 solidatas
802 2756 956 2821 redditus
991 2759 1148 2822 exeuntis
1183 2758 1225 2822 de
1260 2758 1358 2824 terris
1393 2764 1428 2822 et

320 2862 525 2927 tenementis
550 2882 617 2945 que
642 2860 819 2945 quondam
846 2862 985 2926 luerunt
1013 2864 1097 2927 Ric’i
1125 2864 1155 2927 le
1181 2864 1368 2948 Schephird
1393 2864 1428 2928 in

321 2967 434 3050 Ripon
463 2966 497 3029 in
526 2965 555 3028 le
585 2965 760 3028 Horsfaire
788 2971 822 3027 et
852 2967 932 3030 alibi
962 2967 1005 3031 ad
1034 2968 1198 3032 terminos
1227 2968 1365 3033 Martini
1393 2975 1430 3033 et

321 3071 540 3135 Pentecostes
585 3070 765 3133 annuatim
809 3090 869 3153 per
913 3071 1050 3154 equales
1095 3073 1280 3155 porciones.
1337 3072 1427 3137 Item

320 3181 452 3259 septem
486 3173 651 3263 solidatas
685 3173 840 3237 redditus
875 3176 1032 3239 exeuntis
1067 3177 1248 3241 annuatim
1283 3176 1325 3240 de
1360 3197 1429 3242 vno

321 3286 518 3344 tenemento
533 3278 656 3362 Rogeri
671 3279 805 3362 Wright
820 3279 854 3342 in
870 3278 1028 3363 Skelgate
1043 3278 1087 3342 ad
1102 3281 1238 3344 eosdem
1253 3280 1426 3350 terminos.

322 3385 411 3447 Item
438 3403 497 3446 sex
524 3382 689 3446 solidatas
716 3382 870 3447 redditus
898 3383 1055 3447 exeuntis
1082 3384 1263 3448 annuatim
1290 3384 1332 3449 de
1359 3405 1428 3450 vno

321 3488 485 3572 burgagio
521 3493 555 3550 et
593 3486 735 3550 dimidia
773 3508 849 3551 acra
889 3488 978 3570 prati
1018 3489 1155 3552 Henrici
1193 3488 1356 3553 Attekeld
1393 3489 1428 3575 in

322 3592 521 3675 Berlorgate
550 3597 584 3654 et
615 3590 814 3655 Randekerr
842 3591 887 3655 ad
916 3592 1080 3656 terminos
1108 3593 1290 3676 predictos.
1339 3592 1428 3657 Item

321 3697 390 3761 duo
418 3696 487 3779 (sic)
515 3695 680 3759 solidatas
704 3703 739 3759 et
764 3702 843 3759 octo
868 3697 1068 3760 denarratas
1093 3697 1247 3762 redditus
1272 3698 1429 3762 exeuntis

321 3802 363 3866 de
375 3822 444 3865 vno
456 3808 653 3865 tenemento
664 3802 853 3885 quondam1
866 3801 1010 3866 Galfridi
1021 3801 1148 3867 Glouer
1158 3803 1192 3866 in
1205 3803 1429 3888 Ploxomgate

322 3906 366 3969 ad
390 3905 527 3969 eosdem
552 3906 715 3969 terminos
740 3927 800 3989 per
823 3907 960 3991 equales
984 3907 1170 3989 porciones.
1218 3907 1367 3972 Tenend.
1393 3914 1428 3972 et

322 4011 469 4074 habend.
505 4009 620 4073 omnia
654 4010 809 4093 predicta
843 4012 1027 4096 mesuagio,
1062 4012 1215 4095 gardino,
1252 4018 1360 4077 terras
1393 4019 1428 4078 et

322 4120 433 4199 prata,
469 4113 623 4178 redditus
656 4135 735 4177 cum
769 4115 838 4179 suis
870 4117 1005 4198 pertin,
1030 4118 1184 4200 predicto
1208 4118 1359 4200 Johanni
1393 4124 1428 4183 et

321 4219 571 4283 successoribus
604 4219 673 4281 suis
708 4218 898 4302 Capellanis
933 4219 1091 4285 Cantarie
1126 4222 1276 4304 predicte
1311 4221 1428 4286 diuina

322 4323 541 4387 celebraturis
582 4303 722 4406 singulis
763 4323 884 4388 diebus
925 4324 969 4388 ad
1011 4326 1118 4390 altare
1159 4326 1352 4409 predictum
1393 4325 1428 4389 in

322 4427 641 4512 augmentacionem
657 4429 922 4492 sustentacionis
934 4449 1004 4504 sue,
1019 4429 1131 4505 libere,
1146 4430 1272 4513 quiete,
1286 4429 1427 4514 integre,

322 4534 419 4608 bene,
451 4539 486 4596 et
517 4532 552 4595 in
583 4551 667 4615 pace
696 4538 731 4596 et
761 4533 1016 4616 imperpetuum
1042 4533 1084 4598 de
1109 4533 1315 4616 capItalibus
1340 4532 1429 4598 d’nis

323 4636 501 4701 feodorum
532 4635 666 4700 illorum
697 4657 757 4720 per
787 4637 930 4701 seruicia
961 4638 1039 4702 inde
1070 4638 1188 4703 debita
1219 4644 1253 4702 et
1284 4638 1327 4702 de
1357 4638 1429 4704 iure

394 4794 404 4824 ⁴
422 4791 478 4839 MS.
494 4791 543 4838 has
559 4796 573 4812 ‘¹
585 4755 736 4855 quod-amb
