3392 5650
659 696 889 763 Cnnsunnnu.
1289 698 1331 784 67

437 875 502 959 (94)
530 876 784 941 Rsuouuuou
809 894 855 941 oa
878 894 901 941 A
925 877 1112 944 Cuaninu.

305 1003 480 1069 Vniuersis
493 1004 525 1070 S.
540 1005 585 1071 M.
601 1007 640 1071 E.
655 1006 743 1082 filiis,
758 1006 945 1071 Cutbertus
958 1007 1000 1072 de
1013 1008 1165 1093 Leming,
1178 1008 1330 1092 Capella·

216 1128 292 1184 nus
321 1109 469 1173 salutem
497 1110 532 1174 in
561 1110 662 1175 D’no.
710 1110 884 1178 Nouen'tis
912 1132 966 1175 me
994 1113 1181 1197 resignasse
1209 1120 1327 1190 terras

217 1218 426 1289 tenementa‚
455 1221 490 1279 et
516 1215 682 1291 redditus
711 1222 745 1280 et
772 1217 889 1281 omnia
915 1216 959 1281 ad
986 1216 1184 1282 Cantariam
1211 1217 1329 1283 altaris

216 1316 282 1382 S'ci
305 1318 440 1383 Andree
463 1320 498 1383 in
520 1319 599 1383 eccl.
625 1319 750 1403 Ripon'
774 1321 981 1404 spectantia,
1005 1341 1072 1405 que
1094 1321 1163 1386 scil.
1189 1322 1328 1387 fuerunt

1406 1025 1481 1080 1286,

1378 1089 1449 1139 Nov.
1469 1094 1505 1141 18.

215 1428 333 1506 empta
361 1444 422 1507 per
450 1422 618 1508 Mag'rum
647 1423 780 1489 Galirid
809 1424 851 1489 de
880 1425 994 1500 Lard',
1024 1431 1059 1489 et
1087 1431 1208 1509 postea
1237 1426 1328 1522 dicte
1402 1418 1405 1424 ’

214 1525 373 1591 Cantarie
418 1534 582 1611 perpetue
631 1528 764 1612 (dicti)1
806 1528 924 1594 altaris
967 1550 1028 1613 per
1072 1530 1185 1614 ipsum
1231 1531 1325 1605 data,

214 1631 398 1717 assignata,
426 1638 461 1696 et
486 1632 521 1696 in
546 1632 682 1716 seriptis
707 1632 921 1698 confirmata.
970 1633 1011 1698 In
1037 1633 1133 1698 cuius
1158 1635 1205 1698 rei
1231 1636 1326 1699 testi-

213 1736 368 1800 monium
393 1737 609 1820 presentibus
633 1737 739 1801 literis
761 1738 1002 1822 resignacionis
1021 1737 1081 1822 sig.
1103 1759 1148 1803 m.
1175 1760 1234 1822 ap·
1260 1740 1322 1824 (31)

214 1840 322 1923 posui.
371 1840 452 1905 Dat.
487 1841 581 1925 apud
614 1841 751 1917 Bedale,
785 1842 839 1906 die
872 1842 985 1907 octab.
1021 1842 1087 1906 S’ei
1119 1843 1257 1908 Martini
1290 1844 1324 1908 in

212 1944 333 2021 hieme,
353 1944 455 2009 Anno
473 1945 554 2009 D’ni
574 1945 692 2009 Mill’io
710 1961 789 2010 ccm0
807 1947 1016 2031 octogesimo
1034 1952 1142 2012 sexto.

544 2113 610 2197 (95)
637 2113 758 2178 CARTA
782 2131 830 2178 ou
856 2131 993 2181 sonan.

297 2244 399 2309 Omn.
422 2245 454 2310 h.
477 2244 499 2309 l.
521 2244 585 2308 vis.
608 2244 663 2307 vel
684 2243 763 2310 aud.
782 2250 856 2309 tam
872 2263 959 2327 pres.
977 2265 1084 2329 quam
1105 2244 1182 2320 fut,
1205 2243 1323 2309 Nich’s

213 2347 258 2414 iil.
284 2348 370 2433 Rog.
394 2348 436 2413 de
459 2348 592 2422 Hewik,
616 2348 773 2414 salutem.
822 2348 874 2414 Sc.
897 2349 992 2433 quod
1014 2347 1093 2413 dedi
1115 2354 1149 2413 et
1171 2370 1264 2416 conc.
1289 2356 1324 2414 et

213 2472 246 2535 p.
272 2473 300 2517 c.
326 2474 371 2518 m.
397 2453 486 2518 coni.
513 2453 601 2518 Rob.
627 2453 670 2517 de
694 2453 828 2518 Lanum
852 2473 914 2537 pro
938 2443 1100 2538 humagio
1124 2459 1159 2517 et
1182 2453 1325 2518 seruicio

212 2576 274 2622 suo
304 2563 373 2621 tres
389 2545 499 2622 'acras
528 2558 563 2621 in
592 2578 715 2641 campo
744 2557 786 2621 de
817 2556 942 2641 Ripon’
973 2557 1072 2622 iuxta
1102 2564 1180 2623 terr.
1211 2578 1324 2623 meam

210 2661 304 2744 apud
332 2662 476 2745 Speltre,
503 2682 591 2746 quas
617 2662 659 2726 de
686 2662 791 2725 bosco
816 2662 965 2726 sartauit
992 2667 1027 2725 et
1053 2661 1096 2725 de
1122 2668 1221 2746 patre
1247 2683 1324 2727 meo

209 2766 334 2843 tenuit,
357 2766 404 2830 illi
426 2768 552 2832 ether.
575 2787 600 2832 s.
624 2766 791 2832 tenendas
811 2766 854 2830 de
875 2786 929 2831 me
950 2772 985 2831 et
1005 2766 1075 2831 her.
1098 2787 1143 2832 m.
1166 2766 1201 2831 in
1223 2765 1324 2833 feodo

207 2876 242 2934 et
267 2871 471 2947 hereditate,
497 2871 531 2936 li.
558 2877 593 2935 et
617 2871 688 2956 qui.
736 2870 928 2935 Reddendo
953 2871 1135 2936 annuatim
1159 2871 1263 2936 michi
1288 2879 1322 2937 et

208 2975 277 3040 her.
298 2997 342 3041 m.
361 2975 434 3060 vjd.
453 2997 499 3042 sc.
519 2975 591 3060 iijd.
611 2976 655 3041 ad
673 2976 772 3040 Pent.
792 2981 826 3039 et
844 2975 916 3059 iijd.
937 2975 981 3040 ad
998 2975 1021 3040 f.
1037 2975 1069 3040 S.
1089 2976 1134 3041 M.
1149 2996 1211 3060 pro
1229 2996 1319 3042 omn.

206 3100 293 3145 serv.
324 3087 360 3145 et
389 3101 503 3146 exacc.
535 3087 569 3144 et
599 3101 690 3145 cons.
739 3080 815 3143 Hiis
845 3085 924 3144 test.
957 3079 1087 3145 Rob’to
1116 3079 1161 3144 fil.
1195 3079 1320 3156 Ketell,

207 3185 393 3269 Ranulpho
418 3185 461 3249 de
487 3186 689 3261 Munketon,
716 3185 854 3249 Simone
880 3184 986 3249 fratre
1011 3183 1135 3259 Nich'i‚
1163 3184 1251 3250 Rad.
1279 3185 1321 3249 de

208 3288 367 3361 Nuuwik.
385 3290 470 3374 Rog.
487 3289 557 3354 filio
571 3309 644 3365 suo,
662 3288 801 3364 Rob't0,
818 3288 966 3364 Simone,
983 3294 1017 3352 et
1033 3288 1138 3353 Henr.
1155 3288 1321 3354 iratribus

205 3394 286 3470 suis,
318 3393 422 3460 Walt.
455 3394 497 3459 de
528 3393 701 3478 Nunwyk,
734 3393 921 3477 Ranulpho
952 3393 1058 3459 fratre
1089 3393 1171 3468 eius,
1204 3392 1320 3458 Suano

205 3498 342 3562 homine
362 3499 486 3575 Nich’i‚
506 3499 640 3564 Thoma
658 3497 848 3563 forestario.

535 3664 601 3749 (96)
628 3664 750 3732 CARTA
774 3681 822 3728 uu
847 3680 986 3728 nonan.

292 3795 343 3859 Sc.
373 3815 423 3878 pr.
453 3800 488 3858 et
515 3795 580 3859 fut.
609 3794 703 3879 quod
731 3814 793 3879 ego
821 3794 1015 3878 Margareta
1042 3792 1112 3857 filia
1140 3792 1245 3858 Henr.
1275 3794 1318 3858 de

204 3899 344 3964 Screuin
378 3898 413 3963 in
446 3899 585 3983 propria
622 3898 795 3963 viduitate
833 3903 868 3961 et
906 3897 1001 3982 legea
1034 3902 1208 3981 potestate
1241 3918 1319 3963 mea

203 4003 345 4068 vendidi
369 4023 432 4087 pro
455 4003 580 4093 viginti
604 4002 721 4067 solidis
746 4001 889 4087 argenti,
916 4007 950 4065 et
975 4022 1069 4066 conc.
1096 4006 1131 4064 et
1156 4022 1188 4085 p.
1215 4022 1243 4066 c.
1270 4023 1315 4068 m.

205 4108 295 4173 conf.
324 4107 430 4173 Galir.
458 4108 501 4172 de
528 4107 629 4172 Lard'
662 4106 834 4172 Canonico
867 4106 992 4190 Ripon'
1021 4110 1055 4169 et
1082 4105 1153 4169 eius
1180 4105 1316 4189 assign„

202 4211 376 4277 redditum
394 4212 491 4277 duor.
511 4211 647 4276 solidor.
667 4211 701 4274 in
719 4211 802 4276 villa
819 4210 862 4274 de
880 4210 1005 4294 Ripon'
1024 4230 1087 4293 pro
1104 4210 1317 4295 homagioet

202 4316 345 4381 seruicio
366 4337 439 4393 suo,
461 4337 565 4401 quem
586 4314 762 4380 redditum
784 4314 954 4379 Henricus
974 4319 1075 4398 pater
1095 4334 1191 4378 meus
1212 4315 1317 4379 miehi

203 4421 300 4484 dedit
331 4421 367 4485 in
399 4421 506 4485 libero
537 4420 731 4504 maritagio
764 4420 834 4485 scil.
868 4419 911 4483 de
943 4425 1035 4484 terra
1065 4439 1172 4503 quam
1203 4419 1317 4485 Adam

201 4524 308 4590 Wurd
328 4530 423 4590 tenet
442 4526 484 4590 de
502 4545 557 4589 me
575 4525 611 4588 in
631 4523 756 4608 Ripon’
776 4543 839 4608 pro
857 4522 910 4607 ijs.
931 4523 1064 4598 annuis,
1085 4523 1154 4587 scil.
1175 4523 1314 4589 mediet.

200 4629 245 4694 ad
259 4629 360 4695 Pent.
378 4635 413 4694 et
428 4630 517 4695 med.
535 4630 580 4694 ad
595 4629 618 4694 f.
633 4628 665 4694 S.
681 4629 738 4704 M..
755 4648 822 4713 que
838 4634 930 4696 terra
945 4628 1034 4692 iacet
1050 4628 1085 4692 in
1100 4628 1315 4712 longitudine

202 4783 204 4789 '
271 4796 279 4818 ¹
300 4791 434 4841 Inserted.
