3392 5650
398 690 462 756 286
684 693 762 757 Tne
788 693 944 757 Iueirar
969 693 1217 758 Mauoscmpr.

485 893 554 935 vna
575 893 654 937 cum
678 878 818 947 secret0,

235 1005 331 1059 secret,
486 1001 627 1066 Munera
643 1022 829 1086 quesumus
851 1001 997 1065 Domine
1013 1002 1131 1066 oblata
1147 1001 1334 1075 sanctifica,
1351 1008 1391 1065 vt
1408 1000 1509 1065 nobis

396 1105 563 1188 vnigeniti
577 1106 628 1170 tui
641 1127 764 1189 corpus
777 1112 811 1169 et
825 1106 963 1190 sanguis
977 1105 1073 1182 fiant,
1087 1112 1122 1169 et
1137 1106 1266 1170 famulo
1280 1112 1341 1170 tuo
1355 1105 1506 1169 Henrico

397 1209 550 1292 Septimo
586 1211 655 1294 regi
690 1216 808 1273 nostro
844 1210 888 1274 ad
924 1209 1100 1274 obtinend.
1139 1210 1252 1275 anime
1287 1210 1509 1294 corporisque

395 1313 552 1387 salutem,
578 1322 612 1378 et
637 1314 681 1378 ad
705 1314 936 1399 peragendum
961 1314 995 1378 in
1019 1314 1118 1378 firma
1141 1314 1208 1379 fide
1231 1321 1266 1378 et
1290 1314 1399 1378 solida
1422 1333 1507 1397 pace

395 1417 588 1482 iniunctum
634 1418 698 1481 sibi
744 1418 904 1492 officium,
953 1426 987 1482 te
1032 1419 1208 1503 largiente,
1256 1438 1507 1503 vsquequaque

395 1522 586 1605 proficiant,

482 1658 516 1716 et
536 1674 614 1717 cum
633 1654 697 1718 hac
717 1653 1047 1736 postcommunione,

208 1799 263 1846 anu
277 1801 353 1873 posi-
483 1783 556 1847 Hec
590 1804 777 1867 quesumus
813 1783 959 1847 Domine
993 1782 1154 1847 salutaris
1189 1782 1396 1846 sacramenti
1431 1802 1506 1865 per-

192 1879 379 1914 ⁶⁰m¹¹¹¹¹¹¹¹⁰¹¹·
394 1888 510 1971 cepcio
556 1887 724 1951 famulum
770 1893 871 1951 tuum
917 1887 1106 1952 Henricum
1153 1886 1346 1971 Septimum
1392 1906 1507 1971 regem

395 1998 550 2056 nostrum
563 1994 607 2056 ab
619 1993 778 2056 omnibus
791 1998 931 2057 tueatur
942 1992 1104 2066 aduersis
1119 1998 1292 2076 quatenus
1304 1991 1506 2055 diuturnam

394 2103 428 2160 et
458 2117 655 2180 prosperam
683 2097 794 2161 vitam
823 2097 857 2159 in
887 2096 1126 2181 tranquilitate
1154 2096 1380 2160 ecclesiastice
1408 2096 1505 2179 pacis

394 2201 561 2275 obtineat,
578 2206 612 2264 et
628 2206 706 2284 post
722 2201 823 2264 huius
838 2200 909 2264 vite
925 2200 1106 2265 decursum
1122 2201 1166 2265 ad
1182 2206 1336 2265 eternam
1351 2200 1503 2264 beatitu-

395 2305 510 2369 dinem
529 2312 591 2369 tua
609 2306 723 2389 gracia
741 2310 947 2388 cooperante
966 2305 1154 2388 pemeniat.

206 2445 268 2521 and
282 2444 355 2520 after
483 2435 568 2499 Cum
607 2455 688 2499 vero
728 2436 772 2499 ab
811 2436 876 2499 hac
914 2435 988 2498 luce
1027 2434 1266 2519 migraueritis,
1307 2434 1430 2498 deinde
1469 2434 1505 2498 in

191 2511 372 2626 flffe‘fflnffi
394 2540 548 2624 qualibet
572 2540 751 2623 principali
774 2539 878 2604 missa
901 2538 946 2603 ad
969 2540 1080 2604 maius
1103 2540 1175 2603 siue
1197 2559 1372 2603 summum
1396 2539 1505 2603 altare

395 2645 485 2709 Eccl.
519 2652 634 2708 nostre
666 2644 746 2708 Coll.
781 2643 954 2707 antedicte
986 2664 1046 2727 per
1077 2644 1226 2728 aliquem
1258 2650 1416 2708 nostrum
1447 2644 1504 2707 vel

395 2770 626 2814 successorum
656 2754 852 2813 nostrorum
882 2753 943 2812 aut
973 2748 1078 2812 alium
1108 2748 1316 2812 confratrem
1345 2754 1505 2812 nostrum

395 2856 467 2920 siue
502 2855 698 2919 ministrum
733 2874 949 2938 quecumque
984 2853 1187 2918 celebranda
1222 2853 1398 2918 celebrans
1433 2853 1505 2937 ipse

395 2960 603 3044 quicumque
628 2979 690 3043 pro
716 2965 870 3042 tempore
896 2958 998 3022 fuerit
1024 2957 1164 3042 singulis
1189 2957 1310 3022 diebus
1335 2957 1505 3041 imperpe-

397 3070 496 3128 tuum
521 3084 582 3147 pro
606 3064 717 3128 salute
742 3063 854 3127 anime
879 3067 991 3126 vestre
1014 3061 1236 3145 solempniter
1259 3067 1293 3125 et
1318 3082 1397 3127 curn
1421 3067 1506 3127 nota

397 3169 487 3253 leget
507 3174 542 3232 et
562 3168 652 3232 dicet
672 3168 865 3231 oracionem
884 3172 1095 3250 sequentem,
1115 3166 1284 3231 videlicet.

193 3284 249 3333 “³1⁵
262 3284 368 3340 ⁰⁰¹¹e⁰l=
486 3298 617 3363 Inclina
655 3297 802 3361 Domine
840 3316 958 3360 aurem
997 3302 1095 3361 tuam
1134 3295 1178 3360 ad
1216 3316 1333 3380 preces
1370 3302 1506 3360 nostras

396 3403 522 3487 quibus
555 3401 821 3466 misericordiam
856 3407 953 3465 tuam
986 3401 1156 3484 supplices
1189 3400 1424 3485 deprecamur,
1464 3407 1505 3465 vt

396 3508 548 3571 animam
574 3506 692 3570 famuli
718 3506 769 3569 tui
795 3505 881 3590 regis
907 3505 1046 3569 Henrici
1072 3505 1216 3589 Septimi
1241 3526 1347 3590 quam
1373 3506 1414 3569 de
1440 3506 1506 3569 hoc

396 3612 509 3675 seculo
528 3610 672 3695 migrare
690 3610 817 3674 iussisti
837 3610 872 3673 in
891 3610 984 3693 pacis
1001 3631 1040 3674 ac
1055 3610 1140 3674 lucis
1152 3611 1287 3695 regione
1300 3610 1504 3685 constituas

398 3722 432 3780 et
451 3721 649 3780 sanctorum
669 3720 808 3778 tuorum
827 3714 945 3779 iubeas
965 3735 1036 3778 esse
1055 3721 1247 3778 consortem

399 3877 466 3928 100.
513 3879 582 3922 vna
600 3878 679 3922 cum
697 3858 762 3922 hoc
780 3862 920 3932 secreto,

484 3988 646 4052 Animam
662 3986 783 4051 famuli
799 3986 851 4050 tui
867 3986 954 4070 regis
971 3985 1110 4050 Henrici
1126 3985 1271 4070 Septimi
1287 3987 1331 4050 ab
1347 3986 1507 4050 omnibus

396 4100 430 4157 et
445 4093 543 4176 vicijs
557 4098 591 4156 et
606 4092 755 4176 peccatis
768 4092 919 4155 humane
933 4090 1141 4155 condicionis
1154 4112 1341 4175 quesumus
1355 4092 1506 4155 Domine

397 4201 458 4262 hec
489 4198 647 4262 absoluat
678 4196 811 4260 oblacio
841 4216 909 4280 que
940 4195 1004 4259 tibi
1034 4195 1213 4260 immolata
1244 4197 1355 4260 tocius
1385 4196 1506 4261 mundi

398 4303 479 4368 tulit
498 4307 651 4385 peccata,

485 4438 519 4497 et
542 4453 621 4496 cum
644 4433 709 4496 hac
732 4430 1062 4515 postcommunione,

212 4565 267 4613 and
282 4567 356 4639 post-
484 4560 608 4623 Annue
641 4559 739 4622 nobis
773 4558 920 4622 Domine
952 4563 992 4621 vt
1027 4557 1143 4621 anima
1178 4557 1298 4621 famuli
1334 4557 1386 4622 tui
1420 4559 1507 4643 regis

193 4644 381 4681 commumon.
398 4664 537 4729 Henrici
576 4663 720 4747 Septimi
754 4662 987 4726 remissionem
1021 4682 1127 4745 quam
1162 4661 1299 4746 optauit
1334 4669 1508 4727 mereatur

396 4770 566 4853 suscipere
585 4773 815 4852 peccatorum.
