<?xml version="1.0" encoding="UTF-8"?>
<!DOCTYPE html PUBLIC "-//W3C//DTD XHTML 1.0 Transitional//EN"
    "http://www.w3.org/TR/xhtml1/DTD/xhtml1-transitional.dtd">
<html xmlns="http://www.w3.org/1999/xhtml" xml:lang="en" lang="en">
 <head>
  <title>
</title>
<meta http-equiv="Content-Type" content="text/html;charset=utf-8" />
  <meta name='ocr-system' content='tesseract 3.04.00' />
  <meta name='ocr-capabilities' content='ocr_page ocr_carea ocr_par ocr_line ocrx_word'/>
</head>
<body>
  <div class='ocr_page' id='page_1' title='image "./memorialschurch01fowlgoog_0256.png"; bbox 0 0 3392 5650; ppageno 0'>
   <div class='ocr_carea' id='block_1_1' title="bbox 344 686 1158 772">
    <p class='ocr_par' dir='ltr' id='par_1_1' title="bbox 344 686 1158 772">
     <span class='ocr_line' id='line_1_1' title="bbox 344 686 1158 772; baseline -0.006 -18"><span class='ocrx_word' id='word_1_1' title='bbox 344 707 408 772; x_wconf 86' lang='lat'>214</span> <span class='ocrx_word' id='word_1_2' title='bbox 627 689 707 753; x_wconf 82' lang='lat' dir='ltr'>Tne</span> <span class='ocrx_word' id='word_1_3' title='bbox 731 687 887 751; x_wconf 76' lang='lat' dir='ltr'>Iuorrev</span> <span class='ocrx_word' id='word_1_4' title='bbox 911 686 1158 750; x_wconf 70' lang='lat' dir='ltr'>Mauuscnre&#39;u</span> 
     </span>
    </p>
   </div>
   <div class='ocr_carea' id='block_1_2' title="bbox 345 863 1458 4700">
    <p class='ocr_par' dir='ltr' id='par_1_2' title="bbox 345 863 1458 4700">
     <span class='ocr_line' id='line_1_2' title="bbox 345 863 1456 952; baseline -0.004 -21"><span class='ocrx_word' id='word_1_5' title='bbox 345 867 424 932; x_wconf 86' lang='lat' dir='ltr'>eccl.</span> <span class='ocrx_word' id='word_1_6' title='bbox 446 867 521 931; x_wconf 91' lang='lat' dir='ltr'>coll.</span> <span class='ocrx_word' id='word_1_7' title='bbox 543 867 699 952; x_wconf 89' lang='lat' dir='ltr'>predicta</span> <span class='ocrx_word' id='word_1_8' title='bbox 719 886 779 950; x_wconf 92' lang='lat' dir='ltr'>per</span> <span class='ocrx_word' id='word_1_9' title='bbox 798 885 921 929; x_wconf 95' lang='lat' dir='ltr'>manus</span> <span class='ocrx_word' id='word_1_10' title='bbox 940 863 1122 947; x_wconf 87' lang='lat' dir='ltr'>Camerarij</span> <span class='ocrx_word' id='word_1_11' title='bbox 1146 864 1298 928; x_wconf 93' lang='lat' dir='ltr'>eiusdem</span> <span class='ocrx_word' id='word_1_12' title='bbox 1318 864 1456 928; x_wconf 82' lang='lat' dir='ltr'><strong>ecclesie</strong></span> 
     </span>
     <span class='ocr_line' id='line_1_3' title="bbox 345 968 1455 1056; baseline -0.005 -20"><span class='ocrx_word' id='word_1_13' title='bbox 345 971 404 1055; x_wconf 95' lang='lat' dir='ltr'>qui</span> <span class='ocrx_word' id='word_1_14' title='bbox 420 992 482 1056; x_wconf 90' lang='lat' dir='ltr'>pro</span> <span class='ocrx_word' id='word_1_15' title='bbox 498 978 651 1055; x_wconf 91' lang='lat' dir='ltr'>tempore</span> <span class='ocrx_word' id='word_1_16' title='bbox 666 970 769 1034; x_wconf 89' lang='lat' dir='ltr'>fuerit</span> <span class='ocrx_word' id='word_1_17' title='bbox 784 969 829 1033; x_wconf 93' lang='lat' dir='ltr'>ad</span> <span class='ocrx_word' id='word_1_18' title='bbox 843 974 994 1053; x_wconf 90' lang='lat' dir='ltr'>quatuor</span> <span class='ocrx_word' id='word_1_19' title='bbox 1009 968 1089 1032; x_wconf 87' lang='lat' dir='ltr'>anni</span> <span class='ocrx_word' id='word_1_20' title='bbox 1106 968 1280 1043; x_wconf 91' lang='lat' dir='ltr'>terminos,</span> <span class='ocrx_word' id='word_1_21' title='bbox 1296 968 1455 1031; x_wconf 94' lang='lat' dir='ltr'>videlicet</span> 
     </span>
     <span class='ocr_line' id='line_1_4' title="bbox 346 1072 1456 1158; baseline -0.004 -19"><span class='ocrx_word' id='word_1_22' title='bbox 346 1076 411 1139; x_wconf 86' lang='lat' dir='ltr'>S’ci</span> <span class='ocrx_word' id='word_1_23' title='bbox 447 1076 577 1139; x_wconf 91' lang='lat' dir='ltr'>Thome</span> <span class='ocrx_word' id='word_1_24' title='bbox 613 1074 769 1158; x_wconf 83' lang='lat' dir='ltr'>Apostoli</span> <span class='ocrx_word' id='word_1_25' title='bbox 805 1079 887 1137; x_wconf 94' lang='lat' dir='ltr'>ante</span> <span class='ocrx_word' id='word_1_26' title='bbox 923 1072 1047 1136; x_wconf 87' lang='lat' dir='ltr'>Natale</span> <span class='ocrx_word' id='word_1_27' title='bbox 1084 1072 1175 1147; x_wconf 83' lang='lat' dir='ltr'>D&#39;ni,</span> <span class='ocrx_word' id='word_1_28' title='bbox 1213 1072 1456 1156; x_wconf 89' lang='lat' dir='ltr'>Concepcionis</span> 
     </span>
     <span class='ocr_line' id='line_1_5' title="bbox 346 1176 1455 1263; baseline -0.004 -20"><span class='ocrx_word' id='word_1_29' title='bbox 346 1181 446 1243; x_wconf 89' lang='lat' dir='ltr'>beate</span> <span class='ocrx_word' id='word_1_30' title='bbox 467 1180 571 1244; x_wconf 90' lang='lat' dir='ltr'>Marie</span> <span class='ocrx_word' id='word_1_31' title='bbox 590 1179 741 1263; x_wconf 88' lang='lat' dir='ltr'>virginis,</span> <span class='ocrx_word' id='word_1_32' title='bbox 762 1177 968 1241; x_wconf 82' lang='lat' dir='ltr'>Natiuitatis</span> <span class='ocrx_word' id='word_1_33' title='bbox 987 1177 1081 1240; x_wconf 94' lang='lat' dir='ltr'>beati</span> <span class='ocrx_word' id='word_1_34' title='bbox 1101 1176 1211 1259; x_wconf 87' lang='lat' dir='ltr'>J0h&#39;is</span> <span class='ocrx_word' id='word_1_35' title='bbox 1231 1177 1399 1261; x_wconf 89' lang='lat' dir='ltr'>Baptiste,</span> <span class='ocrx_word' id='word_1_36' title='bbox 1421 1182 1455 1239; x_wconf 92' lang='lat' dir='ltr'>et</span> 
     </span>
     <span class='ocr_line' id='line_1_6' title="bbox 346 1281 1456 1366; baseline -0.003 -19"><span class='ocrx_word' id='word_1_37' title='bbox 346 1284 413 1348; x_wconf 88' lang='lat' dir='ltr'>S&#39;ci</span> <span class='ocrx_word' id='word_1_38' title='bbox 437 1283 610 1347; x_wconf 84' lang='lat' dir='ltr'>Michaelis</span> <span class='ocrx_word' id='word_1_39' title='bbox 633 1281 836 1366; x_wconf 85' lang='lat' dir='ltr'>Archangeli</span> <span class='ocrx_word' id='word_1_40' title='bbox 860 1301 920 1365; x_wconf 93' lang='lat' dir='ltr'>per</span> <span class='ocrx_word' id='word_1_41' title='bbox 943 1281 1080 1365; x_wconf 89' lang='lat' dir='ltr'>equales</span> <span class='ocrx_word' id='word_1_42' title='bbox 1103 1281 1302 1364; x_wconf 88' lang='lat' dir='ltr'>porciones;</span> <span class='ocrx_word' id='word_1_43' title='bbox 1341 1281 1456 1345; x_wconf 90' lang='lat' dir='ltr'>Primo</span> 
     </span>
     <span class='ocr_line' id='line_1_7' title="bbox 347 1384 1454 1468; baseline -0.004 -17"><span class='ocrx_word' id='word_1_44' title='bbox 347 1408 428 1451; x_wconf 92' lang='lat' dir='ltr'>vero</span> <span class='ocrx_word' id='word_1_45' title='bbox 461 1387 608 1451; x_wconf 93' lang='lat' dir='ltr'>termino</span> <span class='ocrx_word' id='word_1_46' title='bbox 640 1386 822 1450; x_wconf 89' lang='lat' dir='ltr'>solucionis</span> <span class='ocrx_word' id='word_1_47' title='bbox 856 1385 1040 1468; x_wconf 89' lang='lat' dir='ltr'>incipiente</span> <span class='ocrx_word' id='word_1_48' title='bbox 1073 1384 1107 1448; x_wconf 95' lang='lat' dir='ltr'>in</span> <span class='ocrx_word' id='word_1_49' title='bbox 1141 1384 1234 1449; x_wconf 92' lang='lat' dir='ltr'>dicto</span> <span class='ocrx_word' id='word_1_50' title='bbox 1268 1385 1356 1449; x_wconf 92' lang='lat' dir='ltr'>festo</span> <span class='ocrx_word' id='word_1_51' title='bbox 1389 1385 1454 1449; x_wconf 85' lang='lat' dir='ltr'>S&#39;ci</span> 
     </span>
     <span class='ocr_line' id='line_1_8' title="bbox 347 1489 1456 1575; baseline -0.002 -20"><span class='ocrx_word' id='word_1_52' title='bbox 347 1492 477 1555; x_wconf 92' lang='lat' dir='ltr'>Thome</span> <span class='ocrx_word' id='word_1_53' title='bbox 510 1512 606 1575; x_wconf 88' lang='lat' dir='ltr'>prox.</span> <span class='ocrx_word' id='word_1_54' title='bbox 642 1491 760 1555; x_wconf 90' lang='lat' dir='ltr'>futuro</span> <span class='ocrx_word' id='word_1_55' title='bbox 794 1495 873 1573; x_wconf 93' lang='lat' dir='ltr'>post</span> <span class='ocrx_word' id='word_1_56' title='bbox 906 1489 1026 1553; x_wconf 87' lang='lat' dir='ltr'>datam</span> <span class='ocrx_word' id='word_1_57' title='bbox 1060 1489 1283 1573; x_wconf 87' lang='lat' dir='ltr'>presencium.</span> <span class='ocrx_word' id='word_1_58' title='bbox 1344 1490 1456 1573; x_wconf 80' lang='lat' dir='ltr'>Quam</span> 
     </span>
     <span class='ocr_line' id='line_1_9' title="bbox 347 1593 1456 1680; baseline -0.001 -21"><span class='ocrx_word' id='word_1_59' title='bbox 347 1596 486 1680; x_wconf 92' lang='lat' dir='ltr'>quidem</span> <span class='ocrx_word' id='word_1_60' title='bbox 501 1596 698 1680; x_wconf 90' lang='lat' dir='ltr'>pensionem</span> <span class='ocrx_word' id='word_1_61' title='bbox 713 1594 755 1657; x_wconf 94' lang='lat' dir='ltr'>de</span> <span class='ocrx_word' id='word_1_62' title='bbox 769 1594 949 1668; x_wconf 90' lang='lat' dir='ltr'>fructibus,</span> <span class='ocrx_word' id='word_1_63' title='bbox 965 1593 1166 1668; x_wconf 89' lang='lat' dir='ltr'>redditibus,</span> <span class='ocrx_word' id='word_1_64' title='bbox 1182 1601 1217 1657; x_wconf 94' lang='lat' dir='ltr'>et</span> <span class='ocrx_word' id='word_1_65' title='bbox 1231 1594 1456 1677; x_wconf 91' lang='lat' dir='ltr'>prouentibus</span> 
     </span>
     <span class='ocr_line' id='line_1_10' title="bbox 347 1697 1456 1782; baseline 0 -20"><span class='ocrx_word' id='word_1_66' title='bbox 347 1700 499 1764; x_wconf 92' lang='lat' dir='ltr'>eiusdem</span> <span class='ocrx_word' id='word_1_67' title='bbox 516 1699 642 1763; x_wconf 88' lang='lat' dir='ltr'>vicarie</span> <span class='ocrx_word' id='word_1_68' title='bbox 659 1698 821 1782; x_wconf 88' lang='lat' dir='ltr'>predictis</span> <span class='ocrx_word' id='word_1_69' title='bbox 838 1697 912 1761; x_wconf 93' lang='lat' dir='ltr'>loco</span> <span class='ocrx_word' id='word_1_70' title='bbox 930 1704 964 1760; x_wconf 99' lang='lat' dir='ltr'>et</span> <span class='ocrx_word' id='word_1_71' title='bbox 982 1698 1136 1762; x_wconf 92' lang='lat' dir='ltr'>terminis</span> <span class='ocrx_word' id='word_1_72' title='bbox 1154 1698 1198 1761; x_wconf 87' lang='lat' dir='ltr'>ad</span> <span class='ocrx_word' id='word_1_73' title='bbox 1216 1705 1328 1761; x_wconf 89' lang='lat' dir='ltr'>totam</span> <span class='ocrx_word' id='word_1_74' title='bbox 1345 1698 1456 1762; x_wconf 90' lang='lat' dir='ltr'>vitam</span> 
     </span>
     <span class='ocr_line' id='line_1_11' title="bbox 347 1802 1457 1888; baseline -0.001 -21"><span class='ocrx_word' id='word_1_75' title='bbox 347 1804 490 1888; x_wconf 89' lang='lat' dir='ltr'>predicti</span> <span class='ocrx_word' id='word_1_76' title='bbox 531 1804 602 1867; x_wconf 92' lang='lat' dir='ltr'>d&#39;ni</span> <span class='ocrx_word' id='word_1_77' title='bbox 643 1802 760 1866; x_wconf 87' lang='lat' dir='ltr'>Rob&#39;ti</span> <span class='ocrx_word' id='word_1_78' title='bbox 802 1802 983 1866; x_wconf 87' lang='lat' dir='ltr'>annuatim</span> <span class='ocrx_word' id='word_1_79' title='bbox 1023 1807 1062 1865; x_wconf 94' lang='lat' dir='ltr'>vt</span> <span class='ocrx_word' id='word_1_80' title='bbox 1102 1802 1272 1885; x_wconf 81' lang='lat' dir='ltr'>prefertur</span> <span class='ocrx_word' id='word_1_81' title='bbox 1311 1802 1457 1866; x_wconf 91' lang='lat' dir='ltr'>fideliter</span> 
     </span>
     <span class='ocr_line' id='line_1_12' title="bbox 347 1906 1456 1992; baseline -0.001 -21"><span class='ocrx_word' id='word_1_82' title='bbox 347 1908 608 1992; x_wconf 93' lang='lat' dir='ltr'>persoluendam</span> <span class='ocrx_word' id='word_1_83' title='bbox 623 1906 757 1991; x_wconf 89' lang='lat' dir='ltr'>prefato</span> <span class='ocrx_word' id='word_1_84' title='bbox 772 1906 853 1970; x_wconf 90' lang='lat' dir='ltr'>d&#39;no</span> <span class='ocrx_word' id='word_1_85' title='bbox 869 1906 1007 1990; x_wconf 85' lang='lat' dir='ltr'>Hugoni</span> <span class='ocrx_word' id='word_1_86' title='bbox 1022 1906 1150 1970; x_wconf 90' lang='lat' dir='ltr'>vicario</span> <span class='ocrx_word' id='word_1_87' title='bbox 1164 1906 1289 1970; x_wconf 88' lang='lat' dir='ltr'>vicarie</span> <span class='ocrx_word' id='word_1_88' title='bbox 1303 1907 1456 1991; x_wconf 86' lang='lat' dir='ltr'>predicte</span> 
     </span>
     <span class='ocr_line' id='line_1_13' title="bbox 347 2009 1454 2094; baseline -0.002 -19"><span class='ocrx_word' id='word_1_89' title='bbox 347 2018 381 2075; x_wconf 92' lang='lat' dir='ltr'>et</span> <span class='ocrx_word' id='word_1_90' title='bbox 404 2012 654 2076; x_wconf 90' lang='lat' dir='ltr'>successoribus</span> <span class='ocrx_word' id='word_1_91' title='bbox 676 2011 746 2074; x_wconf 90' lang='lat' dir='ltr'>suis</span> <span class='ocrx_word' id='word_1_92' title='bbox 768 2009 828 2094; x_wconf 94' lang='lat' dir='ltr'>qui</span> <span class='ocrx_word' id='word_1_93' title='bbox 852 2030 913 2094; x_wconf 90' lang='lat' dir='ltr'>pro</span> <span class='ocrx_word' id='word_1_94' title='bbox 937 2017 1091 2093; x_wconf 93' lang='lat' dir='ltr'>tempore</span> <span class='ocrx_word' id='word_1_95' title='bbox 1114 2010 1241 2074; x_wconf 90' lang='lat' dir='ltr'>fuerint</span> <span class='ocrx_word' id='word_1_96' title='bbox 1264 2011 1298 2074; x_wconf 95' lang='lat' dir='ltr'>in</span> <span class='ocrx_word' id='word_1_97' title='bbox 1322 2011 1454 2086; x_wconf 91' lang='lat' dir='ltr'>eadem,</span> 
     </span>
     <span class='ocr_line' id='line_1_14' title="bbox 347 2114 1455 2200; baseline -0.001 -21"><span class='ocrx_word' id='word_1_98' title='bbox 347 2116 462 2200; x_wconf 88' lang='lat' dir='ltr'>vigore</span> <span class='ocrx_word' id='word_1_99' title='bbox 483 2122 517 2178; x_wconf 95' lang='lat' dir='ltr'>et</span> <span class='ocrx_word' id='word_1_100' title='bbox 538 2115 668 2179; x_wconf 90' lang='lat' dir='ltr'>virtute</span> <span class='ocrx_word' id='word_1_101' title='bbox 689 2114 924 2179; x_wconf 91' lang='lat' dir='ltr'>submissionis</span> <span class='ocrx_word' id='word_1_102' title='bbox 945 2115 1097 2198; x_wconf 89' lang='lat' dir='ltr'>predicte</span> <span class='ocrx_word' id='word_1_103' title='bbox 1118 2135 1158 2178; x_wconf 92' lang='lat' dir='ltr'>ac</span> <span class='ocrx_word' id='word_1_104' title='bbox 1178 2115 1345 2199; x_wconf 90' lang='lat' dir='ltr'>presentis</span> <span class='ocrx_word' id='word_1_105' title='bbox 1366 2115 1455 2178; x_wconf 92' lang='lat' dir='ltr'>ordi-</span> 
     </span>
     <span class='ocr_line' id='line_1_15' title="bbox 347 2218 1456 2304; baseline 0.001 -21"><span class='ocrx_word' id='word_1_106' title='bbox 347 2220 499 2283; x_wconf 92' lang='lat' dir='ltr'>nacionis</span> <span class='ocrx_word' id='word_1_107' title='bbox 522 2226 647 2294; x_wconf 92' lang='lat' dir='ltr'>nostre,</span> <span class='ocrx_word' id='word_1_108' title='bbox 673 2226 845 2303; x_wconf 91' lang='lat' dir='ltr'>quantum</span> <span class='ocrx_word' id='word_1_109' title='bbox 869 2218 911 2281; x_wconf 99' lang='lat' dir='ltr'>de</span> <span class='ocrx_word' id='word_1_110' title='bbox 935 2219 1007 2283; x_wconf 95' lang='lat' dir='ltr'>iure</span> <span class='ocrx_word' id='word_1_111' title='bbox 1030 2240 1222 2303; x_wconf 79' lang='lat' dir='ltr'>possumuS,</span> <span class='ocrx_word' id='word_1_112' title='bbox 1248 2218 1456 2304; x_wconf 91' lang='lat' dir='ltr'>imponimus</span> 
     </span>
     <span class='ocr_line' id='line_1_16' title="bbox 347 2323 1456 2408; baseline -0.001 -20"><span class='ocrx_word' id='word_1_113' title='bbox 347 2345 425 2388; x_wconf 92' lang='lat' dir='ltr'>cum</span> <span class='ocrx_word' id='word_1_114' title='bbox 452 2324 587 2394; x_wconf 80' lang='lat' dir='ltr'>effectu,</span> <span class='ocrx_word' id='word_1_115' title='bbox 615 2345 655 2388; x_wconf 93' lang='lat' dir='ltr'>ac</span> <span class='ocrx_word' id='word_1_116' title='bbox 681 2324 827 2387; x_wconf 93' lang='lat' dir='ltr'>eundem</span> <span class='ocrx_word' id='word_1_117' title='bbox 855 2323 950 2386; x_wconf 91' lang='lat' dir='ltr'>d&#39;nm</span> <span class='ocrx_word' id='word_1_118' title='bbox 978 2324 1160 2408; x_wconf 85' lang='lat' dir='ltr'>Hugonem</span> <span class='ocrx_word' id='word_1_119' title='bbox 1187 2329 1221 2387; x_wconf 92' lang='lat' dir='ltr'>et</span> <span class='ocrx_word' id='word_1_120' title='bbox 1247 2344 1456 2388; x_wconf 90' lang='lat' dir='ltr'>successores</span> 
     </span>
     <span class='ocr_line' id='line_1_17' title="bbox 346 2427 1457 2512; baseline 0 -21"><span class='ocrx_word' id='word_1_121' title='bbox 346 2449 426 2492; x_wconf 90' lang='lat' dir='ltr'>suos</span> <span class='ocrx_word' id='word_1_122' title='bbox 443 2429 485 2492; x_wconf 96' lang='lat' dir='ltr'>de</span> <span class='ocrx_word' id='word_1_123' title='bbox 503 2428 597 2492; x_wconf 89' lang='lat' dir='ltr'>dicta</span> <span class='ocrx_word' id='word_1_124' title='bbox 614 2428 775 2511; x_wconf 91' lang='lat' dir='ltr'>pensione</span> <span class='ocrx_word' id='word_1_125' title='bbox 793 2427 896 2491; x_wconf 94' lang='lat' dir='ltr'>modo</span> <span class='ocrx_word' id='word_1_126' title='bbox 914 2448 983 2511; x_wconf 94' lang='lat' dir='ltr'>quo</span> <span class='ocrx_word' id='word_1_127' title='bbox 1001 2427 1214 2511; x_wconf 92' lang='lat' dir='ltr'>premittitur</span> <span class='ocrx_word' id='word_1_128' title='bbox 1230 2428 1457 2512; x_wconf 88' lang='lat' dir='ltr'>persoluenda</span> 
     </span>
     <span class='ocr_line' id='line_1_18' title="bbox 347 2532 1456 2616; baseline 0.001 -21"><span class='ocrx_word' id='word_1_129' title='bbox 347 2532 528 2596; x_wconf 89' lang='lat' dir='ltr'>efficaciter</span> <span class='ocrx_word' id='word_1_130' title='bbox 538 2551 719 2596; x_wconf 87' lang='lat' dir='ltr'>oneramus</span> <span class='ocrx_word' id='word_1_131' title='bbox 735 2552 741 2606; x_wconf 90' lang='lat'>;</span> <span class='ocrx_word' id='word_1_132' title='bbox 769 2532 956 2615; x_wconf 92' lang='lat' dir='ltr'>Ipsumque</span> <span class='ocrx_word' id='word_1_133' title='bbox 968 2537 1002 2594; x_wconf 92' lang='lat' dir='ltr'>et</span> <span class='ocrx_word' id='word_1_134' title='bbox 1013 2532 1104 2615; x_wconf 91' lang='lat' dir='ltr'>ipsos</span> <span class='ocrx_word' id='word_1_135' title='bbox 1116 2537 1232 2595; x_wconf 92' lang='lat' dir='ltr'>tenore</span> <span class='ocrx_word' id='word_1_136' title='bbox 1243 2532 1456 2616; x_wconf 92' lang='lat' dir='ltr'>presencium</span> 
     </span>
     <span class='ocr_line' id='line_1_19' title="bbox 347 2636 1455 2720; baseline 0 -20"><span class='ocrx_word' id='word_1_137' title='bbox 347 2639 526 2700; x_wconf 88' lang='lat' dir='ltr'>m0nemus</span> <span class='ocrx_word' id='word_1_138' title='bbox 550 2636 661 2719; x_wconf 92' lang='lat' dir='ltr'>primo</span> <span class='ocrx_word' id='word_1_139' title='bbox 684 2636 835 2699; x_wconf 90' lang='lat' dir='ltr'>secundo</span> <span class='ocrx_word' id='word_1_140' title='bbox 860 2641 894 2698; x_wconf 93' lang='lat' dir='ltr'>et</span> <span class='ocrx_word' id='word_1_141' title='bbox 920 2636 1024 2699; x_wconf 90' lang='lat' dir='ltr'>tercio</span> <span class='ocrx_word' id='word_1_142' title='bbox 1049 2657 1089 2699; x_wconf 91' lang='lat' dir='ltr'>ac</span> <span class='ocrx_word' id='word_1_143' title='bbox 1112 2636 1350 2720; x_wconf 91' lang='lat' dir='ltr'>peremptorie,</span> <span class='ocrx_word' id='word_1_144' title='bbox 1375 2657 1455 2701; x_wconf 93' lang='lat' dir='ltr'>cum</span> 
     </span>
     <span class='ocr_line' id='line_1_20' title="bbox 347 2739 1454 2826; baseline 0.002 -24"><span class='ocrx_word' id='word_1_145' title='bbox 347 2740 457 2825; x_wconf 87' lang='lat' dir='ltr'>pietas</span> <span class='ocrx_word' id='word_1_146' title='bbox 482 2740 627 2804; x_wconf 89' lang='lat' dir='ltr'>suadeat</span> <span class='ocrx_word' id='word_1_147' title='bbox 652 2746 686 2803; x_wconf 89' lang='lat' dir='ltr'>et</span> <span class='ocrx_word' id='word_1_148' title='bbox 712 2739 954 2824; x_wconf 90' lang='lat' dir='ltr'>premissorum</span> <span class='ocrx_word' id='word_1_149' title='bbox 979 2739 1128 2824; x_wconf 87' lang='lat' dir='ltr'>qualitas</span> <span class='ocrx_word' id='word_1_150' title='bbox 1153 2740 1188 2803; x_wconf 94' lang='lat' dir='ltr'>id</span> <span class='ocrx_word' id='word_1_151' title='bbox 1213 2748 1387 2826; x_wconf 91' lang='lat' dir='ltr'>exposcat,</span> <span class='ocrx_word' id='word_1_152' title='bbox 1414 2747 1454 2804; x_wconf 94' lang='lat' dir='ltr'>vt</span> 
     </span>
     <span class='ocr_line' id='line_1_21' title="bbox 347 2844 1452 2929; baseline 0.001 -21"><span class='ocrx_word' id='word_1_153' title='bbox 347 2845 436 2909; x_wconf 91' lang='lat' dir='ltr'>hanc</span> <span class='ocrx_word' id='word_1_154' title='bbox 451 2851 606 2909; x_wconf 90' lang='lat' dir='ltr'>nostram</span> <span class='ocrx_word' id='word_1_155' title='bbox 621 2844 876 2908; x_wconf 88' lang='lat' dir='ltr'>ordinacionem</span> <span class='ocrx_word' id='word_1_156' title='bbox 892 2851 926 2907; x_wconf 98' lang='lat' dir='ltr'>et</span> <span class='ocrx_word' id='word_1_157' title='bbox 942 2844 1075 2929; x_wconf 87' lang='lat' dir='ltr'>singula</span> <span class='ocrx_word' id='word_1_158' title='bbox 1091 2851 1255 2910; x_wconf 90' lang='lat' dir='ltr'>contenta</span> <span class='ocrx_word' id='word_1_159' title='bbox 1271 2845 1305 2910; x_wconf 93' lang='lat' dir='ltr'>in</span> <span class='ocrx_word' id='word_1_160' title='bbox 1321 2846 1452 2921; x_wconf 91' lang='lat' dir='ltr'>eadem,</span> 
     </span>
     <span class='ocr_line' id='line_1_22' title="bbox 347 2948 1456 3034; baseline 0.001 -21"><span class='ocrx_word' id='word_1_161' title='bbox 347 2955 519 3033; x_wconf 90' lang='lat' dir='ltr'>quatenus</span> <span class='ocrx_word' id='word_1_162' title='bbox 538 2970 616 3013; x_wconf 94' lang='lat' dir='ltr'>eum</span> <span class='ocrx_word' id='word_1_163' title='bbox 637 2955 671 3012; x_wconf 92' lang='lat' dir='ltr'>et</span> <span class='ocrx_word' id='word_1_164' title='bbox 691 2969 748 3012; x_wconf 89' lang='lat' dir='ltr'>eos</span> <span class='ocrx_word' id='word_1_165' title='bbox 767 2954 989 3024; x_wconf 87' lang='lat' dir='ltr'>concernunt,</span> <span class='ocrx_word' id='word_1_166' title='bbox 1010 2948 1201 3032; x_wconf 90' lang='lat' dir='ltr'>proficiant,</span> <span class='ocrx_word' id='word_1_167' title='bbox 1223 2949 1400 3034; x_wconf 92' lang='lat' dir='ltr'>impleant,</span> <span class='ocrx_word' id='word_1_168' title='bbox 1422 2957 1456 3014; x_wconf 92' lang='lat' dir='ltr'>et</span> 
     </span>
     <span class='ocr_line' id='line_1_23' title="bbox 347 3053 1457 3137; baseline 0.002 -21"><span class='ocrx_word' id='word_1_169' title='bbox 347 3055 530 3117; x_wconf 90' lang='lat' dir='ltr'>obseruent</span> <span class='ocrx_word' id='word_1_170' title='bbox 565 3054 630 3117; x_wconf 92' lang='lat' dir='ltr'>sub</span> <span class='ocrx_word' id='word_1_171' title='bbox 664 3073 753 3136; x_wconf 92' lang='lat' dir='ltr'>pena</span> <span class='ocrx_word' id='word_1_172' title='bbox 787 3053 1154 3116; x_wconf 88' lang='lat' dir='ltr'>excommunicacionis</span> <span class='ocrx_word' id='word_1_173' title='bbox 1188 3074 1294 3137; x_wconf 92' lang='lat' dir='ltr'>quam</span> <span class='ocrx_word' id='word_1_174' title='bbox 1329 3060 1457 3118; x_wconf 87' lang='lat' dir='ltr'>extunc</span> 
     </span>
     <span class='ocr_line' id='line_1_24' title="bbox 347 3158 1456 3241; baseline 0.002 -20"><span class='ocrx_word' id='word_1_175' title='bbox 347 3160 450 3241; x_wconf 85' lang='lat' dir='ltr'>prout</span> <span class='ocrx_word' id='word_1_176' title='bbox 467 3164 595 3221; x_wconf 90' lang='lat' dir='ltr'>extunc</span> <span class='ocrx_word' id='word_1_177' title='bbox 611 3164 646 3220; x_wconf 93' lang='lat' dir='ltr'>et</span> <span class='ocrx_word' id='word_1_178' title='bbox 663 3163 791 3220; x_wconf 92' lang='lat' dir='ltr'>extunc</span> <span class='ocrx_word' id='word_1_179' title='bbox 807 3162 911 3241; x_wconf 93' lang='lat' dir='ltr'>prout</span> <span class='ocrx_word' id='word_1_180' title='bbox 928 3164 1065 3232; x_wconf 93' lang='lat' dir='ltr'>extunc,</span> <span class='ocrx_word' id='word_1_181' title='bbox 1084 3158 1249 3222; x_wconf 90' lang='lat' dir='ltr'>canonica</span> <span class='ocrx_word' id='word_1_182' title='bbox 1265 3158 1456 3223; x_wconf 92' lang='lat' dir='ltr'>monicione</span> 
     </span>
     <span class='ocr_line' id='line_1_25' title="bbox 347 3260 1458 3347; baseline 0.004 -24"><span class='ocrx_word' id='word_1_183' title='bbox 347 3261 512 3345; x_wconf 92' lang='lat' dir='ltr'>premissa</span> <span class='ocrx_word' id='word_1_184' title='bbox 525 3261 559 3324; x_wconf 95' lang='lat' dir='ltr'>in</span> <span class='ocrx_word' id='word_1_185' title='bbox 574 3280 652 3324; x_wconf 91' lang='lat' dir='ltr'>eum</span> <span class='ocrx_word' id='word_1_186' title='bbox 666 3266 700 3324; x_wconf 95' lang='lat' dir='ltr'>et</span> <span class='ocrx_word' id='word_1_187' title='bbox 715 3280 772 3324; x_wconf 90' lang='lat' dir='ltr'>eos</span> <span class='ocrx_word' id='word_1_188' title='bbox 785 3281 825 3324; x_wconf 87' lang='lat' dir='ltr'>ac</span> <span class='ocrx_word' id='word_1_189' title='bbox 838 3260 1027 3344; x_wconf 90' lang='lat' dir='ltr'>quemlibet</span> <span class='ocrx_word' id='word_1_190' title='bbox 1041 3262 1227 3326; x_wconf 90' lang='lat' dir='ltr'>eorundem</span> <span class='ocrx_word' id='word_1_191' title='bbox 1240 3262 1458 3347; x_wconf 85' lang='lat' dir='ltr'>singulariter</span> 
     </span>
     <span class='ocr_line' id='line_1_26' title="bbox 347 3364 1457 3450; baseline 0.002 -22"><span class='ocrx_word' id='word_1_192' title='bbox 347 3371 382 3428; x_wconf 93' lang='lat' dir='ltr'>et</span> <span class='ocrx_word' id='word_1_193' title='bbox 403 3364 553 3449; x_wconf 84' lang='lat' dir='ltr'>singulos</span> <span class='ocrx_word' id='word_1_194' title='bbox 573 3364 601 3428; x_wconf 93' lang='lat' dir='ltr'>si</span> <span class='ocrx_word' id='word_1_195' title='bbox 622 3364 818 3428; x_wconf 90' lang='lat' dir='ltr'>huiusmodi</span> <span class='ocrx_word' id='word_1_196' title='bbox 839 3371 955 3428; x_wconf 91' lang='lat' dir='ltr'>nostre</span> <span class='ocrx_word' id='word_1_197' title='bbox 976 3365 1193 3430; x_wconf 87' lang='lat' dir='ltr'>ordinacione</span> <span class='ocrx_word' id='word_1_198' title='bbox 1214 3387 1283 3430; x_wconf 93' lang='lat' dir='ltr'>non</span> <span class='ocrx_word' id='word_1_199' title='bbox 1303 3367 1457 3450; x_wconf 90' lang='lat' dir='ltr'>paruerit</span> 
     </span>
     <span class='ocr_line' id='line_1_27' title="bbox 346 3468 1456 3554; baseline 0.002 -22"><span class='ocrx_word' id='word_1_200' title='bbox 346 3489 406 3533; x_wconf 87' lang='lat' dir='ltr'>seu</span> <span class='ocrx_word' id='word_1_201' title='bbox 437 3468 613 3552; x_wconf 89' lang='lat' dir='ltr'>paruerint</span> <span class='ocrx_word' id='word_1_202' title='bbox 643 3468 847 3553; x_wconf 92' lang='lat' dir='ltr'>proferimus</span> <span class='ocrx_word' id='word_1_203' title='bbox 878 3468 913 3532; x_wconf 94' lang='lat' dir='ltr'>in</span> <span class='ocrx_word' id='word_1_204' title='bbox 944 3468 1011 3552; x_wconf 86' lang='lat' dir='ltr'>hijs</span> <span class='ocrx_word' id='word_1_205' title='bbox 1041 3469 1186 3554; x_wconf 91' lang='lat' dir='ltr'>scriptis.</span> <span class='ocrx_word' id='word_1_206' title='bbox 1234 3470 1456 3554; x_wconf 86' lang='lat' dir='ltr'>Sequestrum</span> 
     </span>
     <span class='ocr_line' id='line_1_28' title="bbox 348 3573 1456 3658; baseline 0.002 -22"><span class='ocrx_word' id='word_1_207' title='bbox 348 3573 455 3636; x_wconf 91' lang='lat' dir='ltr'>eciam</span> <span class='ocrx_word' id='word_1_208' title='bbox 487 3578 643 3637; x_wconf 90' lang='lat' dir='ltr'>nostrum</span> <span class='ocrx_word' id='word_1_209' title='bbox 674 3573 709 3637; x_wconf 93' lang='lat' dir='ltr'>in</span> <span class='ocrx_word' id='word_1_210' title='bbox 741 3573 911 3637; x_wconf 89' lang='lat' dir='ltr'>fructibus</span> <span class='ocrx_word' id='word_1_211' title='bbox 943 3573 1133 3638; x_wconf 91' lang='lat' dir='ltr'>redditibus</span> <span class='ocrx_word' id='word_1_212' title='bbox 1165 3580 1200 3638; x_wconf 91' lang='lat' dir='ltr'>et</span> <span class='ocrx_word' id='word_1_213' title='bbox 1231 3575 1456 3658; x_wconf 91' lang='lat' dir='ltr'>prouentibus</span> 
     </span>
     <span class='ocr_line' id='line_1_29' title="bbox 349 3676 1456 3764; baseline 0.004 -24"><span class='ocrx_word' id='word_1_214' title='bbox 349 3677 439 3740; x_wconf 93' lang='lat' dir='ltr'>dicte</span> <span class='ocrx_word' id='word_1_215' title='bbox 472 3676 597 3743; x_wconf 90' lang='lat' dir='ltr'>vicarie</span> <span class='ocrx_word' id='word_1_216' title='bbox 630 3696 765 3740; x_wconf 91' lang='lat' dir='ltr'>exnunc</span> <span class='ocrx_word' id='word_1_217' title='bbox 797 3677 1005 3761; x_wconf 91' lang='lat' dir='ltr'>imponimus</span> <span class='ocrx_word' id='word_1_218' title='bbox 1038 3678 1065 3741; x_wconf 91' lang='lat' dir='ltr'>si</span> <span class='ocrx_word' id='word_1_219' title='bbox 1098 3679 1211 3742; x_wconf 92' lang='lat' dir='ltr'>dictus</span> <span class='ocrx_word' id='word_1_220' title='bbox 1244 3679 1320 3743; x_wconf 90' lang='lat' dir='ltr'>d&#39;ns</span> <span class='ocrx_word' id='word_1_221' title='bbox 1353 3679 1456 3764; x_wconf 85' lang='lat' dir='ltr'>Hugo</span> 
     </span>
     <span class='ocr_line' id='line_1_30' title="bbox 349 3781 1457 3848; baseline 0.003 -4"><span class='ocrx_word' id='word_1_222' title='bbox 349 3781 496 3845; x_wconf 90' lang='lat' dir='ltr'>vicarius</span> <span class='ocrx_word' id='word_1_223' title='bbox 514 3781 697 3845; x_wconf 92' lang='lat' dir='ltr'>modernus</span> <span class='ocrx_word' id='word_1_224' title='bbox 715 3802 775 3845; x_wconf 92' lang='lat' dir='ltr'>seu</span> <span class='ocrx_word' id='word_1_225' title='bbox 793 3802 1001 3845; x_wconf 90' lang='lat' dir='ltr'>successores</span> <span class='ocrx_word' id='word_1_226' title='bbox 1019 3782 1072 3846; x_wconf 91' lang='lat' dir='ltr'>sui</span> <span class='ocrx_word' id='word_1_227' title='bbox 1090 3782 1125 3846; x_wconf 93' lang='lat' dir='ltr'>in</span> <span class='ocrx_word' id='word_1_228' title='bbox 1144 3783 1237 3847; x_wconf 90' lang='lat' dir='ltr'>dicta</span> <span class='ocrx_word' id='word_1_229' title='bbox 1255 3783 1383 3848; x_wconf 89' lang='lat' dir='ltr'>vicaria</span> <span class='ocrx_word' id='word_1_230' title='bbox 1401 3784 1457 3847; x_wconf 92' lang='lat' dir='ltr'>vel</span> 
     </span>
     <span class='ocr_line' id='line_1_31' title="bbox 349 3884 1456 3972; baseline 0.004 -24"><span class='ocrx_word' id='word_1_231' title='bbox 349 3905 466 3949; x_wconf 91' lang='lat' dir='ltr'>eorum</span> <span class='ocrx_word' id='word_1_232' title='bbox 487 3884 609 3968; x_wconf 90' lang='lat' dir='ltr'>aliquis</span> <span class='ocrx_word' id='word_1_233' title='bbox 629 3884 730 3948; x_wconf 91' lang='lat' dir='ltr'>dictis</span> <span class='ocrx_word' id='word_1_234' title='bbox 750 3885 824 3948; x_wconf 94' lang='lat' dir='ltr'>loco</span> <span class='ocrx_word' id='word_1_235' title='bbox 844 3891 879 3948; x_wconf 93' lang='lat' dir='ltr'>et</span> <span class='ocrx_word' id='word_1_236' title='bbox 900 3886 1054 3950; x_wconf 92' lang='lat' dir='ltr'>terminis</span> <span class='ocrx_word' id='word_1_237' title='bbox 1074 3887 1127 3949; x_wconf 91' lang='lat' dir='ltr'>vel</span> <span class='ocrx_word' id='word_1_238' title='bbox 1148 3907 1265 3951; x_wconf 90' lang='lat' dir='ltr'>eorum</span> <span class='ocrx_word' id='word_1_239' title='bbox 1285 3887 1402 3972; x_wconf 93' lang='lat' dir='ltr'>aliquo</span> <span class='ocrx_word' id='word_1_240' title='bbox 1421 3888 1456 3952; x_wconf 93' lang='lat' dir='ltr'>in</span> 
     </span>
     <span class='ocr_line' id='line_1_32' title="bbox 348 3989 1456 4074; baseline 0.003 -21"><span class='ocrx_word' id='word_1_241' title='bbox 348 3989 519 4053; x_wconf 92' lang='lat' dir='ltr'>solucione</span> <span class='ocrx_word' id='word_1_242' title='bbox 547 3989 637 4052; x_wconf 92' lang='lat' dir='ltr'>dicte</span> <span class='ocrx_word' id='word_1_243' title='bbox 664 3989 835 4073; x_wconf 90' lang='lat' dir='ltr'>pensionis</span> <span class='ocrx_word' id='word_1_244' title='bbox 863 3990 897 4053; x_wconf 94' lang='lat' dir='ltr'>in</span> <span class='ocrx_word' id='word_1_245' title='bbox 923 3995 1022 4074; x_wconf 92' lang='lat' dir='ltr'>parte</span> <span class='ocrx_word' id='word_1_246' title='bbox 1049 3990 1103 4053; x_wconf 94' lang='lat' dir='ltr'>vel</span> <span class='ocrx_word' id='word_1_247' title='bbox 1129 3990 1164 4054; x_wconf 91' lang='lat' dir='ltr'>in</span> <span class='ocrx_word' id='word_1_248' title='bbox 1192 3997 1267 4055; x_wconf 90' lang='lat' dir='ltr'>toto</span> <span class='ocrx_word' id='word_1_249' title='bbox 1294 3992 1456 4057; x_wconf 90' lang='lat' dir='ltr'>defecerit</span> 
     </span>
     <span class='ocr_line' id='line_1_33' title="bbox 348 4093 1457 4180; baseline 0.003 -23"><span class='ocrx_word' id='word_1_250' title='bbox 348 4093 403 4157; x_wconf 92' lang='lat' dir='ltr'>vel</span> <span class='ocrx_word' id='word_1_251' title='bbox 427 4093 613 4156; x_wconf 81' lang='lat' dir='ltr'>defecerint</span> <span class='ocrx_word' id='word_1_252' title='bbox 637 4093 893 4176; x_wconf 89' lang='lat' dir='ltr'>quoquomodo,</span> <span class='ocrx_word' id='word_1_253' title='bbox 919 4094 1084 4159; x_wconf 90' lang='lat' dir='ltr'>canoniea</span> <span class='ocrx_word' id='word_1_254' title='bbox 1108 4095 1299 4160; x_wconf 92' lang='lat' dir='ltr'>monicione</span> <span class='ocrx_word' id='word_1_255' title='bbox 1322 4116 1457 4180; x_wconf 90' lang='lat' dir='ltr'>semper</span> 
     </span>
     <span class='ocr_line' id='line_1_34' title="bbox 348 4196 1457 4282; baseline 0.004 -21"><span class='ocrx_word' id='word_1_256' title='bbox 348 4197 522 4282; x_wconf 87' lang='lat' dir='ltr'>premissa,</span> <span class='ocrx_word' id='word_1_257' title='bbox 553 4204 593 4260; x_wconf 93' lang='lat' dir='ltr'>vt</span> <span class='ocrx_word' id='word_1_258' title='bbox 622 4196 800 4280; x_wconf 85' lang='lat' dir='ltr'>prefertur.</span> <span class='ocrx_word' id='word_1_259' title='bbox 861 4198 1028 4262; x_wconf 92' lang='lat' dir='ltr'>Volumus</span> <span class='ocrx_word' id='word_1_260' title='bbox 1057 4199 1164 4263; x_wconf 91' lang='lat' dir='ltr'>eciam</span> <span class='ocrx_word' id='word_1_261' title='bbox 1193 4206 1228 4263; x_wconf 96' lang='lat' dir='ltr'>et</span> <span class='ocrx_word' id='word_1_262' title='bbox 1257 4200 1457 4266; x_wconf 90' lang='lat' dir='ltr'>ordinamus</span> 
     </span>
     <span class='ocr_line' id='line_1_35' title="bbox 348 4300 1456 4388; baseline 0.005 -24"><span class='ocrx_word' id='word_1_263' title='bbox 348 4301 442 4385; x_wconf 93' lang='lat' dir='ltr'>quod</span> <span class='ocrx_word' id='word_1_264' title='bbox 463 4300 637 4384; x_wconf 90' lang='lat' dir='ltr'>predictus</span> <span class='ocrx_word' id='word_1_265' title='bbox 658 4301 735 4365; x_wconf 92' lang='lat' dir='ltr'>d’ns</span> <span class='ocrx_word' id='word_1_266' title='bbox 756 4301 859 4386; x_wconf 87' lang='lat' dir='ltr'>Hugo</span> <span class='ocrx_word' id='word_1_267' title='bbox 880 4302 1028 4366; x_wconf 88' lang='lat' dir='ltr'>vicarius</span> <span class='ocrx_word' id='word_1_268' title='bbox 1049 4304 1233 4368; x_wconf 91' lang='lat' dir='ltr'>modernus</span> <span class='ocrx_word' id='word_1_269' title='bbox 1254 4312 1289 4368; x_wconf 91' lang='lat' dir='ltr'>et</span> <span class='ocrx_word' id='word_1_270' title='bbox 1310 4304 1456 4388; x_wconf 90' lang='lat' dir='ltr'>quilibet</span> 
     </span>
     <span class='ocr_line' id='line_1_36' title="bbox 348 4405 1456 4490; baseline 0.005 -22"><span class='ocrx_word' id='word_1_271' title='bbox 348 4405 420 4469; x_wconf 90' lang='lat' dir='ltr'>eius</span> <span class='ocrx_word' id='word_1_272' title='bbox 450 4425 623 4468; x_wconf 90' lang='lat' dir='ltr'>successor</span> <span class='ocrx_word' id='word_1_273' title='bbox 653 4405 688 4468; x_wconf 94' lang='lat' dir='ltr'>in</span> <span class='ocrx_word' id='word_1_274' title='bbox 720 4405 848 4469; x_wconf 88' lang='lat' dir='ltr'>vicaria</span> <span class='ocrx_word' id='word_1_275' title='bbox 879 4407 1035 4490; x_wconf 87' lang='lat' dir='ltr'>predicta</span> <span class='ocrx_word' id='word_1_276' title='bbox 1065 4407 1100 4471; x_wconf 92' lang='lat' dir='ltr'>in</span> <span class='ocrx_word' id='word_1_277' title='bbox 1132 4408 1238 4472; x_wconf 85' lang='lat' dir='ltr'>futur&#39;</span> <span class='ocrx_word' id='word_1_278' title='bbox 1271 4408 1306 4473; x_wconf 93' lang='lat' dir='ltr'>in</span> <span class='ocrx_word' id='word_1_279' title='bbox 1337 4429 1456 4474; x_wconf 90' lang='lat' dir='ltr'>eorum</span> 
     </span>
     <span class='ocr_line' id='line_1_37' title="bbox 347 4508 1456 4592; baseline 0.006 -20"><span class='ocrx_word' id='word_1_280' title='bbox 347 4508 509 4592; x_wconf 89' lang='lat' dir='ltr'>primaria</span> <span class='ocrx_word' id='word_1_281' title='bbox 533 4508 739 4572; x_wconf 90' lang='lat' dir='ltr'>admissione</span> <span class='ocrx_word' id='word_1_282' title='bbox 763 4509 862 4585; x_wconf 91' lang='lat' dir='ltr'>iuret,</span> <span class='ocrx_word' id='word_1_283' title='bbox 888 4511 992 4574; x_wconf 89' lang='lat' dir='ltr'>tactis</span> <span class='ocrx_word' id='word_1_284' title='bbox 1015 4513 1240 4576; x_wconf 90' lang='lat' dir='ltr'>sacrosanctis</span> <span class='ocrx_word' id='word_1_285' title='bbox 1265 4513 1328 4576; x_wconf 92' lang='lat' dir='ltr'>Dei</span> <span class='ocrx_word' id='word_1_286' title='bbox 1352 4533 1456 4578; x_wconf 90' lang='lat' dir='ltr'>euan-</span> 
     </span>
     <span class='ocr_line' id='line_1_38' title="bbox 345 4612 1455 4700; baseline 0.005 -24"><span class='ocrx_word' id='word_1_287' title='bbox 345 4612 443 4697; x_wconf 86' lang='lat' dir='ltr'>gelijs</span> <span class='ocrx_word' id='word_1_288' title='bbox 473 4613 567 4696; x_wconf 94' lang='lat' dir='ltr'>quod</span> <span class='ocrx_word' id='word_1_289' title='bbox 598 4613 722 4676; x_wconf 90' lang='lat' dir='ltr'>soluet1</span> <span class='ocrx_word' id='word_1_290' title='bbox 755 4613 884 4678; x_wconf 87' lang='lat' dir='ltr'>dictam</span> <span class='ocrx_word' id='word_1_291' title='bbox 916 4636 1067 4679; x_wconf 90' lang='lat' dir='ltr'>annuam</span> <span class='ocrx_word' id='word_1_292' title='bbox 1099 4617 1307 4700; x_wconf 92' lang='lat' dir='ltr'>pensionem,</span> <span class='ocrx_word' id='word_1_293' title='bbox 1339 4617 1455 4695; x_wconf 90' lang='lat' dir='ltr'>modo,</span> 
     </span>
    </p>
   </div>
   <div class='ocr_carea' id='block_1_3' title="bbox 418 4765 1454 4831">
    <p class='ocr_par' dir='ltr' id='par_1_3' title="bbox 418 4765 1454 4831">
     <span class='ocr_line' id='line_1_39' title="bbox 418 4765 1454 4831; baseline 0.006 -16"><span class='ocrx_word' id='word_1_294' title='bbox 418 4770 425 4792; x_wconf 92' lang='lat'>¹</span> <span class='ocrx_word' id='word_1_295' title='bbox 439 4765 498 4815; x_wconf 87' lang='lat' dir='ltr'>The</span> <span class='ocrx_word' id='word_1_296' title='bbox 507 4769 523 4789; x_wconf 85' lang='lat'>⁴⁴</span> <span class='ocrx_word' id='word_1_297' title='bbox 533 4765 571 4816; x_wconf 87' lang='lat' dir='ltr'>t&#39;&#39;</span> <span class='ocrx_word' id='word_1_298' title='bbox 580 4766 603 4816; x_wconf 89' lang='lat' dir='ltr'>is</span> <span class='ocrx_word' id='word_1_299' title='bbox 612 4766 739 4815; x_wconf 88' lang='lat' dir='ltr'>followed</span> <span class='ocrx_word' id='word_1_300' title='bbox 748 4766 787 4831; x_wconf 95' lang='lat' dir='ltr'>by</span> <span class='ocrx_word' id='word_1_301' title='bbox 795 4766 844 4816; x_wconf 90' lang='lat' dir='ltr'>the</span> <span class='ocrx_word' id='word_1_302' title='bbox 853 4768 932 4816; x_wconf 84' lang='lat' dir='ltr'>usual</span> <span class='ocrx_word' id='word_1_303' title='bbox 941 4768 1021 4816; x_wconf 86' lang='lat' dir='ltr'>mark</span> <span class='ocrx_word' id='word_1_304' title='bbox 1029 4768 1071 4817; x_wconf 92' lang='lat' dir='ltr'>for</span> <span class='ocrx_word' id='word_1_305' title='bbox 1082 4774 1096 4790; x_wconf 82' lang='lat'>‘¹</span> <span class='ocrx_word' id='word_1_306' title='bbox 1106 4769 1156 4827; x_wconf 88' lang='lat' dir='ltr'>is,&#39;&#39;</span> <span class='ocrx_word' id='word_1_307' title='bbox 1167 4784 1197 4818; x_wconf 90' lang='lat' dir='ltr'>as</span> <span class='ocrx_word' id='word_1_308' title='bbox 1205 4770 1226 4818; x_wconf 91' lang='lat' dir='ltr'>if</span> <span class='ocrx_word' id='word_1_309' title='bbox 1234 4770 1276 4819; x_wconf 92' lang='lat' dir='ltr'>for</span> <span class='ocrx_word' id='word_1_310' title='bbox 1287 4774 1302 4792; x_wconf 83' lang='lat'>¹⁴</span> <span class='ocrx_word' id='word_1_311' title='bbox 1311 4770 1454 4822; x_wconf 85' lang='lat' dir='ltr'>soluetis.”</span> 
     </span>
    </p>
   </div>
   <div class='ocr_carea' id='block_1_4' title="bbox 0 0 1702 5650">
    <p class='ocr_par' dir='ltr' id='par_1_4' title="bbox 0 0 1702 5650">
     <span class='ocr_line' id='line_1_40' title="bbox 0 0 1702 5650; baseline 0 0"><span class='ocrx_word' id='word_1_312' title='bbox 0 0 1702 5650; x_wconf 95' lang='lat' dir='ltr'> </span> 
     </span>
    </p>
   </div>
  </div>
 </body>
</html>
