3392 5650
326 691 390 758 206
613 693 693 757 Tua
718 693 874 757 {uerter
899 693 1146 759 Manuscnrrr.

326 872 429 936 choro
444 878 478 935 et
492 872 605 935 locum
620 872 654 935 in
670 871 821 956 capitulo
836 871 963 936 eisdem
978 871 1196 936 canonicatui
1211 878 1245 935 et
1261 872 1433 956 prebende

326 976 371 1039 ab
404 976 548 1059 antiquo
581 976 700 1040 debita
733 982 767 1039 et
800 976 966 1060 assignari
999 981 1173 1050 consueta,
1208 976 1318 1039 eidem
1351 975 1434 1039 d'no

327 1079 449 1144 Nich’o
485 1080 540 1143 vel
577 1080 789 1164 procuratori
826 1102 889 1144 suo
926 1080 1041 1144 debite
1079 1079 1301 1163 assignantes,
1349 1080 1431 1145 Dat.

327 1185 429 1248 Ebor.
464 1184 595 1248 decimo
627 1206 718 1249 nono
750 1184 804 1248 die
836 1185 961 1248 mensis
994 1184 1183 1267 Septembr.
1217 1185 1319 1248 Anno
1351 1184 1432 1247 D'ni

327 1287 468 1352 Mill’mo
488 1299 602 1352 ccccm⁰
622 1289 793 1352 tricesimo
813 1289 929 1353 tercio

413 1466 566 1551 Quarum
583 1466 722 1550 quidem
739 1467 915 1531 literarum
932 1468 1195 1533 reuerendarum
1212 1445 1430 1544 auctoritate,

324 1591 386 1634 nos
416 1571 606 1654 capitulum
637 1571 715 1635 eccl.
749 1571 814 1635 S’ci
845 1572 992 1636 Willridi
1023 1572 1226 1655 predictum,
1258 1572 1432 1656 prefatum

324 1675 420 1739 d’nm
449 1674 586 1739 Nich’m
615 1675 741 1739 Hulme
770 1676 804 1739 in
833 1696 1014 1760 personam
1044 1676 1181 1740 discreti
1209 1677 1274 1741 viri
1302 1677 1433 1741 domini

326 1779 444 1843 Rob'ti
465 1779 643 1854 Sotheron,
665 1780 854 1863 presbiteri,
876 1780 1106 1863 procuratoris
1125 1781 1177 1844 sui
1197 1781 1432 1845 suffecientem

324 1884 359 1947 in
386 1883 450 1947 hac
476 1889 574 1966 parte
600 1889 810 1967 potestatem
838 1884 1008 1959 habentis,
1036 1884 1198 1949 vicesimo
1225 1885 1279 1949 die
1305 1886 1431 1949 mensis

324 1987 485 2070 predicte,
498 1986 598 2051 Anno
609 1987 689 2051 D’ni
700 1987 908 2071 supradict0,
921 1987 955 2051 in
966 1988 1176 2071 corporalem
1185 1989 1432 2071 possessionem

324 2092 495 2156 dictorum
511 2091 733 2155 canonicatus
750 2097 784 2154 et
801 2092 972 2175 prebende
989 2092 1031 2155 de
1048 2092 1224 2157 Scharrow
1240 2094 1274 2157 in
1291 2093 1431 2158 ecclesia

324 2196 495 2280 colligiata
519 2195 674 2279 predicta
697 2195 896 2260 induximus
920 2217 998 2259 cum
1022 2196 1091 2260 suis
1115 2197 1245 2261 iuribus
1269 2204 1304 2261 et
1328 2198 1432 2281 perti-

324 2300 454 2383 nencijs
470 2300 647 2375 vniuersis,
665 2320 704 2363 ac
720 2299 861 2363 stallum
878 2300 912 2363 in
929 2300 1032 2363 choro
1049 2306 1083 2364 et
1099 2300 1212 2364 locum
1229 2301 1263 2365 in
1280 2301 1432 2385 capitulo

324 2404 451 2468 eisdem
482 2403 699 2468 canonicatui
730 2410 764 2466 et
795 2403 967 2486 prebende
997 2406 1042 2468 ab
1073 2405 1217 2488 antiquo
1248 2405 1366 2469 debita
1396 2412 1432 2469 et

324 2508 488 2592 assignari
526 2514 701 2581 consueta,
741 2507 991 2591 assignauimus
1029 2514 1068 2571 vt
1107 2514 1158 2571 est
1196 2509 1309 2574 moris,
1357 2509 1432 2593 Que

323 2613 439 2676 omnia
476 2618 511 2675 et
548 2610 681 2696 singula
718 2612 936 2675 vniuersitati
973 2618 1086 2676 vestre
1124 2613 1276 2696 predicte
1313 2619 1431 2677 tenore

323 2716 535 2801 presencium
561 2716 771 2790 intimamus,
798 2716 924 2799 quibus
949 2716 1096 2800 sigillum
1121 2723 1278 2781 nostrum
1303 2719 1430 2801 apponi

323 2822 464 2887 lecimus
487 2822 521 2886 in
544 2820 647 2885 fidem
671 2827 705 2884 et
728 2820 965 2885 testimonium
988 2821 1240 2904 premissorum.
1289 2822 1369 2887 Dat.
1395 2824 1430 2887 in

322 2927 426 2991 domo
446 2933 564 2990 nostra
585 2925 766 3009 capitulari
787 2925 829 2988 de
852 2925 976 3009 Ripon'
998 2925 1114 3009 quoad
1135 2926 1430 3011 consignacionem

322 3031 561 3114 presencium,¹
586 3030 749 3094 vicesimo
787 3029 911 3112 quinto
951 3029 1005 3093 die
1045 3031 1170 3094 mensis
1208 3031 1310 3094 Anno
1349 3031 1430 3095 D'ni

322 3135 530 3220 supradicto.

325 3341 411 3423 (293)
442 3337 647 3423 (certificate
663 3337 699 3401 ol
715 3336 900 3401 Induction
917 3337 952 3400 oi
971 3337 1059 3402 Will.
1079 3337 1206 3402 Bedale
1222 3344 1259 3402 to
1276 3338 1430 3422 Chantry

366 3445 401 3508 of
417 3443 466 3509 St.
484 3441 656 3525 Andrew).
1452 3439 1456 3446 '

410 3608 583 3674 Vniuersis
604 3607 636 3671 S.
658 3608 702 3671 M.
725 3608 764 3671 E.
782 3607 862 3690 filijs
881 3613 1055 3690 presentes
1074 3607 1189 3672 literas
1212 3609 1426 3692 inspecturis.

324 3714 521 3797 Capitulum
546 3710 624 3776 eccl.
652 3711 725 3775 coll.
753 3711 819 3775 S'ci
844 3710 990 3774 Wiltridi
1016 3711 1172 3794 Riponie,
1199 3713 1301 3778 Ebur.
1329 3713 1428 3788 dioc,

325 3819 471 3882 salutem
499 3817 534 3880 in
563 3822 702 3879 auctore
729 3815 860 3879 salutis.
908 3814 1052 3879 Nouerit
1080 3816 1286 3881 vniuersitas
1314 3823 1430 3881 vestra

324 3921 418 4007 quod
450 3941 512 3984 nos
544 3919 734 3984 cantariam
767 3918 833 3983 S¹ci
866 3918 1000 3982 Andree
1033 3919 1189 4002 Apostoli
1222 3921 1257 3985 in
1290 3921 1430 3985 ecclesia

324 4032 442 4090 nostra
461 4024 615 4109 predicta
634 4043 694 4108 per
709 4029 857 4086 mortem
873 4022 944 4086 d’ni
960 4023 1129 4105 Johannis
1146 4024 1298 4100 Weston,
1315 4024 1429 4089 vltimi

323 4130 488 4214 capellani
503 4127 665 4203 eiusdem,
676 4132 860 4191 vacantem
870 4132 905 4190 et
916 4127 960 4190 ad
970 4132 1124 4191 nostram
1134 4128 1354 4193 collacionem
1365 4130 1430 4193 hac

323 4235 396 4298 vice
416 4234 487 4297 iure
510 4233 608 4296 nobis
627 4230 791 4295 deuoluto
813 4251 874 4315 per
896 4230 1031 4315 lapsum
1053 4232 1216 4315 temporis
1235 4233 1429 4297 vacacionis

323 4338 474 4402 eiusdem
515 4336 666 4400 cantarie
707 4335 840 4399 notorie
881 4340 1106 4418 spectantem,
1149 4356 1229 4400 cum
1269 4337 1429 4401 omnibus

322 4442 491 4506 fructibus
513 4441 703 4504 redditibus
726 4445 760 4503 et
782 4439 1008 4522 prouentibus
1030 4438 1075 4503 ad
1097 4440 1288 4523 predictam
1310 4447 1428 4505 canta-

322 4529 408 4611 riam
436 4544 698 4630 pertinentibus‚
728 4543 853 4607 dilecto
881 4543 980 4607 nobis
1008 4543 1042 4608 in
1071 4564 1141 4627 xpo
1169 4545 1250 4609 d’no
1279 4545 1428 4610 Will'mo

323 4650 459 4725 Bedale,
478 4648 672 4732 Capellano,
690 4646 899 4711 contulimus
916 4647 1046 4711 intuitu
1063 4647 1227 4724 caritatis,
1247 4649 1428 4733 ipsumque

322 4756 417 4820 d‘nm
432 4754 560 4818 Will’m
574 4753 609 4816 in
623 4749 833 4834 corporalem
848 4751 1096 4835 possessiouem
1110 4752 1262 4817 eiusdem
1276 4754 1429 4819 cantarie
