3392 5650
640 707 733 772 Acrs
757 725 803 771 or
826 707 1004 771 enirm.
1316 722 1377 790 159

270 887 441 951 mittimus
475 887 566 951 vices
600 888 702 962 n’ras,
738 892 898 972 rogantes
932 887 1096 971 quatinus
1130 907 1192 950 nos
1226 887 1268 950 de
1302 894 1378 950 toto

269 1011 429 1075 processu
447 1012 563 1056 coram
583 992 682 1056 vobis
701 992 736 1056 in
756 993 820 1056 hac
838 997 937 1075 parte
956 992 1115 1055 habendo
1134 991 1225 1055 dicte
1244 1012 1379 1075 permu-

270 1096 414 1160 tacionis
437 1097 600 1180 expedito
624 1096 764 1181 negocio
788 1096 927 1160 reddere
951 1095 1064 1159 velitis
1088 1096 1249 1160 cerciores
1272 1095 1379 1159 literis

269 1201 393 1264 vestris
418 1201 619 1285 patentibus
644 1201 853 1265 habentibus
878 1201 969 1264 hunc
994 1207 1157 1264 tenorem.
1206 1201 1286 1265 Dat.
1314 1202 1378 1265 sub

269 1305 329 1389 sig.
364 1305 438 1369 n'ro
471 1305 506 1370 in
540 1306 692 1370 manerio
724 1306 799 1370 n'ro
831 1305 874 1369 de
907 1305 1065 1379 Fulham,
1100 1304 1290 1388 penultimo
1324 1305 1377 1369 die

269 1409 394 1473 mensis
429 1409 523 1493 Maij,
556 1410 657 1474 Anno
689 1410 769 1474 D'ni
801 1408 980 1473 Millesimo
1014 1421 1131 1473 ccccmo
1165 1408 1307 1498 decimo,
1343 1417 1378 1473 et

269 1528 385 1577 nostre
420 1514 657 1578 translacionis
692 1535 783 1578 anno
818 1514 933 1578 tercio
982 1513 1135 1597 Quarum
1171 1514 1378 1578 auctoritate

268 1617 462 1681 litterarum
480 1619 597 1702 (atque
612 1620 758 1701 nostra)I
776 1618 887 1682 causis
901 1617 1167 1701 permutacionis
1183 1618 1378 1682 huiusmodi
1392 1646 1449 1694 The
1469 1647 1589 1710 chapter

270 1742 330 1806 per
347 1743 409 1786 nos
427 1722 565 1798 auditis,
584 1722 800 1796 examinatis,
820 1728 855 1785 et
873 1721 1022 1805 plenarie
1040 1722 1209 1798 discussis,
1229 1722 1377 1807 ipsisque
1398 1713 1583 1829 ogfbffffi‘l'fnbf

269 1826 358 1890 veris
374 1833 409 1889 et
424 1826 584 1911 legitimis
600 1826 749 1890 inuentis
765 1832 799 1890 et
815 1832 997 1910 propterea
1012 1846 1073 1909 per
1087 1847 1149 1890 nos
1165 1828 1375 1911 approbatis,
1391 1847 1438 1895 the
1449 1846 1548 1912 bishop
1562 1847 1589 1896 or

269 1930 343 2005 tibi,
369 1930 411 1994 de
434 1932 531 1995 cuius
554 1930 684 1995 meritis
708 1937 742 1995 et
766 1930 955 1994 virtutibus
979 1930 1145 1994 sinceram
1169 1930 1204 1994 in
1228 1931 1377 1995 Domino
1408 1979 1415 2027 i
1418 1913 1578 2030 ssffifffflto

269 2035 430 2099 fiduciam
467 2036 673 2119 optinemus,
712 2035 902 2119 predictam
939 2034 1103 2098 vicariam
1140 2036 1182 2099 de
1218 2036 1377 2100 Aluethle
1430 2047 1551 2111 anerey.

268 2139 462 2203 collacionis
489 2147 524 2203 et
552 2140 637 2204 dioc.
667 2139 812 2223 predicti
839 2138 911 2203 d'ni
939 2139 1185 2204 Londoniensis
1213 2140 1291 2224 Ep'i
1318 2161 1378 2224 per

269 2244 536 2328 resignacionem
558 2244 642 2309 dicti
664 2244 735 2308 d’ni
759 2243 878 2307 Rob’ti
902 2244 1042 2327 Lytster
1063 2244 1146 2308 alias
1169 2245 1211 2308 de
1232 2246 1377 2309 Asmon-

268 2348 376 2432 derby
405 2370 520 2413 coram
550 2349 648 2413 no'bis
678 2369 720 2412 ex
750 2369 854 2413 causa
884 2348 1151 2432 permutacionis
1181 2349 1377 2415 huiusmodi

269 2473 329 2536 per
347 2453 424 2517 libri
445 2454 669 2517 tradicionem
689 2452 902 2517 instituimus
922 2453 1084 2516 canonice
1105 2453 1139 2517 in
1159 2454 1279 2518 eadem
1298 2475 1377 2519 cum

269 2557 339 2621 suis
372 2557 502 2621 iuribus
536 2562 571 2621 et
605 2556 823 2641 pertinenciis
856 2557 1034 2632 vniucrsis,
1070 2558 1251 2623 reseruatis
1284 2559 1377 2623 dicto

269 2660 456 2725 reuerendo
476 2662 567 2745 patri
590 2662 749 2725 omnibus
770 2667 805 2724 et
827 2661 967 2746 singulis
988 2682 1055 2745 que
1077 2662 1111 2725 in
1134 2662 1377 2727 Commissione

269 2785 332 2830 sua
353 2765 507 2850 superius
529 2771 756 2831 reseruantur.
805 2765 886 2830 Dat.
907 2765 942 2829 in
962 2766 1064 2830 domo
1083 2766 1158 2831 n'ra
1178 2766 1376 2851 Capitulari,

269 2871 419 2935 secundo
452 2870 507 2935 die
539 2871 664 2935 mensis
698 2870 855 2955 Augusti,
890 2871 991 2933 Anno
1025 2871 1164 2934 Domini
1199 2873 1377 2937 Millesimo

268 2974 607 3059 quadringentesimo
626 2974 770 3039 decimo.

272 3167 359 3249 (233)
387 3165 720 3230 Cnnrrricnromuu
745 3181 861 3228 suren
885 3182 1167 3230 Pnnuvrncmun
1192 3166 1376 3231 Cilurnum

314 3271 383 3335 s'ci
406 3271 562 3334 Aunnnn
585 3287 660 3334 cun
682 3285 830 3339 vicanus
853 3287 901 3332 nn
924 3269 1156 3336 Arvernum.

358 3416 559 3481 Reuerendo
583 3415 617 3478 in
641 3435 710 3498 xpo
734 3415 825 3498 patri
849 3421 884 3478 et
908 3415 988 3479 d'no
1013 3416 1152 3480 domino
1173 3417 1270 3482 Ric’o
1290 3417 1322 3483 d.
1344 3439 1375 3503 g.
1455 3429 1529 3477 14¹0,

270 3520 499 3586 Londoniensi
523 3520 621 3603 Ep’o,
648 3519 704 3583 Ca.
730 3519 809 3584 eccl.
836 3521 868 3584 b.
896 3520 988 3583 Petri
1015 3521 1139 3604 Ripon'
1166 3523 1377 3588 reuerencias
1439 3484 1506 3546 Aug.
1521 3498 1546 3543 4·

269 3632 303 3690 et
337 3626 481 3690 honores
516 3624 651 3688 debitos
684 3630 785 3688 tanto
819 3624 921 3707 patri,
956 3624 1089 3688 litteras
1123 3626 1378 3692 commissionis

269 3736 381 3794 vestre
401 3749 510 3812 nuper
529 3728 718 3811 recepimus
737 3729 772 3791 in
792 3728 855 3791 hec
873 3729 990 3793 verba.

359 3871 537 3946 Ricardus,
561 3875 628 3944 etc„
651 3890 688 3932 as
709 3868 747 3932 in
768 3869 832 3933 No.
856 3887 930 3950 232.
1456 3914 1530 3962 1410,

1432 3968 1497 4030 May
1513 3981 1552 4028 30.

268 4021 318 4099 ⁶3
374 4013 445 4077 Nos
478 4018 606 4088 autem,
641 4012 676 4075 in
709 4012 905 4076 huiusmodi
939 4014 1205 4096 permutacionis
1237 4017 1377 4100 negocio

269 4125 343 4182 tam
377 4117 585 4182 auctoritate
620 4122 736 4180 vestra
771 4116 870 4180 nobis
904 4116 1086 4181 commissa
1119 4138 1225 4201 quarn
1260 4126 1378 4185 nostra

269 4222 418 4308 legitime
455 4220 687 4305 procedentes,
726 4220 865 4296 auditis,
903 4220 1119 4297 examinatis,
1157 4230 1192 4286 et
1228 4224 1378 4307 plenarie

269 4325 428 4391 discussis
450 4325 564 4389 causis·
583 4324 851 4408 permutacionis
873 4324 1036 4408 predicte,
1059 4325 1209 4410 ipsisque
1231 4328 1321 4392 veris
1342 4335 1377 4393 et

268 4430 427 4516 legitimis
467 4429 627 4503 inuentis,
668 4434 703 4492 et
743 4435 924 4512 propterea
963 4449 1024 4512 per
1062 4450 1124 4493 nos
1164 4433 1376 4515 approbatis

269 4528 404 4619 prefato
444 4534 525 4598 d’no
565 4532 659 4615 Joh’i
699 4532 741 4596 de
781 4532 923 4596 Fulford
963 4533 1092 4611 dictam
1132 4534 1295 4600 vicariam
1335 4538 1377 4602 de

341 4810 347 4832 ¹
367 4804 491 4861 Inserted
505 4803 569 4852 here
582 4802 634 4851 but
647 4802 737 4867 prima
752 4817 835 4852 manu
848 4801 1019 4853 afterwards
