3392 5650
341 699 403 781 138
626 701 655 765 T
658 717 706 764 nr
730 700 888 765 Iucnnr
910 699 1159 765 Mauuscmm.

159 877 236 967 Wlfh
249 878 297 924 ‘¹¹²
339 879 458 963 Joh’es
475 880 518 944 de
535 879 649 963 Clynt,
668 879 847 963 capellani,
865 878 1013 944 salutem
1029 857 1067 944 in
1083 879 1239 944 omnium
1256 878 1446 945 Saluatore.

137 945 312 1075 &affligi
340 983 483 1048 Nouerit
506 985 711 1049 minersitas
733 992 848 1049 vestra
870 1005 933 1049 nos
953 985 997 1048 de
1017 1004 1187 1048 concensu
1207 989 1243 1046 et
1265 983 1449 1048 voluntate

135 1077 313 1194 {ffllffi
340 1089 543 1153 venerabilis
561 1089 597 1153 in
616 1110 686 1172 xpo
707 1090 839 1173 (patris)
856 1100 864 1129 ¹
885 1095 920 1153 et
939 1089 1027 1162 d'ni,
1042 1088 1115 1153 d'ni
1136 1088 1233 1152 Alex.
1251 1088 1315 1152 Dei
1332 1088 1450 1173 gracia

167 1212 204 1261 all
217 1187 280 1261 con-
341 1192 443 1257 Ebor.
463 1193 728 1277 Archiepiscopi‚
748 1215 788 1257 ac
805 1193 1010 1257 serenissimi
1029 1193 1196 1276 Principis
1214 1191 1364 1267 Ricardi,
1383 1192 1449 1256 Dei

149 1280 301 1394 {effigi}
338 1297 453 1381 gracia
476 1296 579 1381 Regis
600 1298 699 1382 Angl.
724 1297 875 1372 illustris,
898 1305 933 1360 et
955 1297 1111 1362 omnium
1132 1296 1278 1361 aliorum
1299 1316 1449 1380 quornm

134 1413 254 1475 chanuy
273 1413 313 1462 [οι
341 1401 481 1465 interest
509 1402 545 1465 in
573 1403 638 1466 hac
665 1409 763 1486 parte
790 1422 961 1466 concensu
988 1409 1022 1466 et
1050 1402 1192 1466 licencia
1218 1400 1356 1485 speciali
1384 1421 1449 1485 pro

141 1480 309 1609 tgepizffit
340 1506 451 1570 salute
472 1506 617 1590 predicti
637 1506 842 1570 venerabilis
862 1507 899 1571 in
919 1526 990 1590 xpo
1009 1507 1129 1589 patris,
1148 1505 1300 1589 Ranulpi
1322 1505 1447 1589 Pygot,

171 1615 281 1662 named.
340 1611 468 1685 militis,
507 1611 660 1695 Magistri
696 1610 807 1694 Joh'is
842 1610 1007 1693 Clyflord,
1043 1610 1154 1692 Joh’is
1188 1610 1233 1673 de
1269 1610 1447 1694 Inggelby,

339 1714 451 1796 Joh'is
468 1714 510 1779 de
528 1715 696 1798 Topclyn,
715 1715 827 1797 Joh'is
843 1715 886 1778 de
904 1715 1075 1789 Carleton,
1093 1714 1206 1797 Joh’is
1222 1715 1266 1778 de
1283 1714 1448 1779 Hawkes·

339 1819 429 1901 wyk,
449 1819 537 1883 Ric’i
555 1820 732 1904 Surmyng,
752 1818 866 1883 Nich'i
883 1819 927 1882 de
945 1819 1036 1894 Dan,
1054 1818 1158 1882 Will'i
1175 1819 1220 1882 de
1237 1819 1448 1895 Thometon,

339 1922 443 1985 Will'i
469 1923 513 1986 de
540 1924 696 1998 Scotton,
725 1923 837 2005 Joh’is
864 1922 920 1987 del
946 1922 1068 1998 Grene,
1096 1922 1228 1987 Thome
1255 1924 1298 1987 de
1325 1922 1448 1999 Ledus,

338 2026 450 2109 Joh’is
469 2028 512 2091 de
535 2028 706 2112 llorpath,
728 2028 841 2110 Joh'is
865 2028 1076 2110 Frankysch,
1098 2028 1211 2110 Joh’is
1230 2029 1274 2092 de
1293 2028 1446 2111 Lynton,

338 2130 443 2195 Will'i
467 2131 522 2196 del
547 2131 676 2206 Water,
703 2132 791 2195 Ric'i
815 2132 859 2195 de
884 2131 1067 2206 Snawdon‚
1093 2131 1236 2196 Walteri
1260 2132 1304 2196 de
1327 2131 1449 2208 ledes,
1483 2189 1486 2196 .

339 2235 499 2318 Johanne
511 2237 555 2300 de
570 2236 715 2312 Burton,
730 2237 873 2321 llergar’
888 2237 1033 2301 Scotton
1046 2236 1205 2312 Woman,
1218 2243 1254 2300 et
1267 2237 1450 2302 animabus

339 2341 494 2405 omnium
525 2341 676 2405 fidelium
705 2340 961 2414 detunctorum,
992 2340 1136 2413 dedisse,
1167 2340 1382 2416 concessisse,
1413 2345 1449 2404 et

339 2444 489 2527 presenti
523 2444 652 2527 scripto
686 2451 806 2508 nostro
841 2444 1018 2527 tripartito
1051 2443 1271 2508 confirmasse
1305 2445 1380 2509 Deo
1413 2450 1450 2509 et

339 2548 441 2611 beate
461 2547 567 2612 Marie
587 2548 717 2632 Virgini
737 2555 772 2612 et
792 2549 955 2613 omnibus
974 2549 1120 2624 Sanctis,
1140 2569 1274 2614 necnon
1293 2549 1387 2632 Joh’i
1406 2548 1450 2614 de

338 2651 507 2737 Cabargh,
535 2652 730 2735 Capellam,
758 2659 793 2716 et
820 2654 1074 2717 successoribus
1099 2654 1170 2718 suis
1196 2654 1388 2738 Capellanis
1414 2654 1451 2718 in

338 2755 476 2841 Capella
505 2758 606 2821 beate
636 2758 741 2821 llarie
769 2758 915 2843 virginis
943 2758 1069 2842 Ripon’
1099 2759 1134 2824 in
1164 2758 1451 2844 Staynebriggate

339 2868 508 2946 perpetuo
520 2862 639 2926 diuina
651 2862 877 2937 celebraturo,
892 2870 1011 2937 terras,
1024 2863 1190 2938 redditus,
1203 2870 1239 2927 et
1251 2867 1451 2928 tenementa

133 2966 192 3014 The
204 2967 314 3014 enuow·
339 2967 545 3050 subscripta,
563 2966 735 3041 uidelicet,
753 2989 863 3032 inum
880 2968 1093 3052 mesuagium
1110 2969 1146 3033 in
1163 2967 1451 3052 Staynebriggate

126 3034 325 3149 &5022ss
340 3069 383 3134 de
406 3071 623 3135 concessione
646 3072 759 3154 Joh’is
782 3072 825 3135 de
850 3072 1018 3156 Topclyfl‚
1043 3080 1078 3136 et
1103 3094 1212 3137 vnum
1236 3072 1450 3157 mesnagium

341 3181 376 3238 et
395 3175 483 3239 duas
502 3176 650 3239 bouatas
671 3183 758 3239 terre
778 3197 859 3241 cum
878 3177 1002 3260 pertin.
1024 3177 1059 3240 in
1079 3177 1276 3242 Scharroue
1294 3177 1338 3240 de
1357 3177 1450 3240 dono

340 3279 412 3343 d'ni
434 3279 546 3362 Joh'is
567 3280 610 3343 de
632 3280 797 3365 Cabergh.
844 3281 892 3344 Et
914 3281 957 3345 de
978 3281 1071 3346 dono
1092 3281 1205 3363 Joh’is
1224 3280 1269 3346 de
1290 3280 1450 3346 Carleton

340 3404 449 3448 vnum
467 3385 680 3469 mesuagium
698 3385 733 3448 in
752 3385 867 3469 Ripon
885 3385 921 3449 in
938 3385 1185 3470 Alhalougate.
1232 3386 1279 3450 Et
1297 3384 1340 3450 de
1357 3384 1451 3450 dono

339 3488 451 3569 Joh’is
473 3489 516 3553 de
540 3489 769 3572 Hau-kesuyk
792 3489 967 3573 quendam
988 3491 1173 3554 annualem
1193 3489 1369 3555 redditum
1388 3510 1450 3554 sex

338 3593 525 3658 solidomm
544 3600 579 3658 et
598 3600 678 3658 octo
696 3594 917 3659 denariorum
935 3601 1073 3659 exeunt.
1094 3594 1137 3659 de
1156 3595 1362 3659 tenementis
1379 3594 1450 3658 suis

338 3696 373 3760 in
403 3696 433 3760 le
463 3698 706 3772 llarketstede,
737 3699 835 3762 iuxta
864 3719 1001 3763 crucem
1030 3720 1073 3762 ex
1102 3706 1203 3783 poste
1231 3698 1448 3762 occidentali.

338 3802 385 3865 Et
403 3802 446 3865 de
464 3803 556 3866 dono
575 3802 688 3866 Nich'i
706 3803 749 3866 de
768 3804 858 3879 Dall,
877 3804 1052 3888 quendam
1070 3803 1256 3868 annualem
1274 3802 1450 3868 redditum

337 3926 397 3969 sex
419 3905 606 3972 solidomm
629 3914 664 3971 et
686 3914 766 3972 octo
788 3908 1007 3974 denariomm
1029 3915 1168 3972 exeunt.
1193 3906 1237 3971 de
1258 3906 1358 3971 terris
1378 3907 1450 3972 suis

338 4010 374 4073 in
398 4010 644 4095 Stapnbngate
668 4019 703 4074 et
726 4012 973 4096 Alhalowgate.
1021 4013 1111 4076 ltem
1135 4032 1244 4076 vnum
1267 4011 1450 4095 Cotagium

337 4115 381 4178 de
402 4114 495 4179 dono
516 4116 661 4199 predicti
684 4115 842 4179 Nicholai
864 4117 953 4180 sicut
976 4117 1065 4180 iacet
1088 4117 1123 4180 in
1145 4115 1224 4180 rico
1245 4115 1320 4180 S’ce
1342 4115 1449 4180 Marie

338 4219 373 4282 in
400 4219 515 4303 Ripon
542 4221 641 4284 iuxta
668 4240 817 4305 mesuag.
846 4220 958 4303 Joh'is
984 4221 1026 4284 de
1053 4221 1167 4304 (bnt.
1215 4219 1262 4283 Et
1287 4219 1331 4282 de
1356 4219 1450 4284 dono

339 4323 428 4388 Ric’i
444 4323 487 4387 de
504 4324 671 4409 Sunnpng
688 4346 797 4389 mum
813 4326 1027 4410 mesuagium
1044 4326 1079 4389 in
1096 4324 1333 4408 Alhalowgate
1349 4323 1449 4388 iuxta

338 4449 488 4512 mesuag.
506 4427 619 4510 Joh'is
635 4428 677 4491 de
695 4429 936 4512 Hawkesuyk.
984 4430 1030 4493 Et
1047 4449 1158 4493 inum
1174 4427 1388 4511 mesuagium
1405 4427 1449 4493 de

337 4533 429 4597 dono
452 4532 564 4614 Joh’is
587 4532 642 4596 del
665 4532 776 4597 Grene
799 4554 903 4617 super
926 4535 956 4596 le
979 4533 1149 4597 Comehill
1172 4532 1272 4597 iuxta
1294 4552 1446 4617 mesuag.

339 4637 427 4701 Ric'i
448 4637 491 4700 de
513 4637 731 4702 Richemund
754 4638 866 4720 (blank
884 4644 982 4722 space
1000 4639 1034 4718 os
1054 4638 1152 4702 about
1172 4635 1353 4701 luothirds
1371 4638 1406 4718 ol
1426 4660 1448 4702 a

409 4772 674 4862 ¹om1tteauus
