3392 5650
647 704 741 769 Acrs
765 721 810 769 or
833 704 1014 770 emman.
1324 720 1388 786 253

275 885 383 949 eciam
411 884 625 969 adimplebit,
653 884 817 970 quodque
844 884 996 960 calicem,
1024 884 1139 960 libros
1168 885 1389 960 vestimenta,

276 1010 335 1053 seu
361 989 428 1054 alia
454 995 657 1054 ornamenta
682 990 726 1054 ad
750 989 880 1070 dictam
905 989 1078 1074 Capellam
1102 990 1299 1073 spectancia
1322 1011 1391 1054 non

276 1094 451 1170 alienabit,
481 1094 726 1179 inpignorabit,
753 1094 934 1169 distrahet,
961 1114 1072 1178 neque
1096 1094 1235 1169 vendet,
1261 1095 1321 1159 sed
1351 1114 1391 1158 ea

276 1199 392 1263 omnia
420 1199 538 1263 tuturo
566 1199 750 1263 successori
778 1198 958 1263 liberanda
986 1197 1132 1263 fideliter
1159 1199 1387 1263 conseruabit.

277 1303 324 1366 Et
347 1291 387 1367 ut
411 1303 474 1366 hec
496 1322 573 1367 mea
597 1323 735 1387 presens
758 1308 855 1368 carta
881 1303 956 1385 (θὶ)Ῑ
974 1302 1149 1367 ordinacio
1165 1302 1390 1386 imposterum

277 1407 401 1471 clarius
431 1407 600 1471 elucescat
631 1413 666 1470 et
698 1407 824 1471 tuturis
855 1407 1068 1491 temporibus
1099 1408 1204 1472 robur
1233 1408 1390 1472 obtineat

279 1511 463 1586 firmitatis,
492 1512 572 1575 volo
600 1512 695 1595 quod
723 1511 929 1595 duplicetur,
959 1512 1055 1575 cuius
1083 1532 1152 1575 vna
1180 1531 1260 1595 pars
1288 1531 1391 1595 penes

278 1616 472 1680 venerabile
502 1616 693 1699 capitulum
725 1615 863 1701 Ripon’,
893 1616 1001 1680 altera
1030 1636 1109 1700 pars
1136 1636 1240 1699 penes
1272 1612 1324 1695 (86
1343 1617 1388 1698 v.)

279 1719 411 1783 dictum
444 1719 667 1803 Capelianum
700 1726 735 1783 et
767 1710 977 1783 successores
1008 1739 1088 1783 suos
1120 1726 1297 1784 remaneat
1329 1720 1391 1783 im-

279 1830 495 1908 perpetuum.
544 1824 585 1887 ln
609 1845 637 1888 c.
663 1828 693 1888 r.'
716 1830 740 1888 t.
767 1824 905 1907 vtrique
929 1822 1020 1907 parti
1044 1823 1211 1907 presentis
1234 1829 1328 1888 carte
1351 1830 1390 1888 vt

276 1928 491 2012 premittitur
511 1928 696 2011 duplicate,
719 1934 793 1992 tam
813 1928 924 2012 sigilla
945 1928 1070 2011 prefati
1092 1927 1241 2011 Capituli
1262 1934 1297 1992 et
1319 1928 1390 1992 d'ni

276 2032 379 2096 Will'i
393 2032 567 2116 Capeliani
581 2053 687 2116 quam
701 2032 850 2116 sigillum
864 2052 980 2096 meum
994 2038 1117 2097 mutuo
1130 2039 1212 2096 sunt
1226 2052 1387 2116 appensa.

276 2137 357 2201 Dat.
382 2158 452 2221 quo
479 2137 523 2201 ad
545 2137 800 2221 opposicionem
822 2136 911 2219 (εἰσ)2
927 2136 1114 2221 sigillorum
1142 2137 1387 2221 predictorum,

275 2346 474 2432 quagesimo
493 2352 633 2410 octau0.

366 2565 444 2629 Nos
473 2566 667 2642 Johannes,
704 2562 925 2646 permissione
966 2562 1084 2627 diuina
1125 2563 1228 2628 Ebor.
1270 2563 1388 2626 Archi·
1402 2554 1596 2669 Conpnppetior

277 2667 455 2752 episcopus
478 2666 707 2751 supradictus,
733 2666 954 2730 attendentes
976 2666 1149 2730 laudabile
1172 2666 1388 2751 propositum
1411 2637 1593 2751 Arellbisuop.

277 2771 392 2837 dilecti
407 2772 466 2857 filij
485 2771 596 2854 Joh'is
612 2770 653 2835 de
669 2770 866 2834 Clotherom
881 2770 1036 2855 predicti,
1054 2790 1093 2835 ac
1108 2770 1263 2835 volentes
1278 2770 1388 2836 eidem

276 2883 458 2961 propterea
480 2877 630 2961 graciam
653 2875 764 2939 tacere
786 2874 981 2958 specialem,
1005 2875 1121 2939 omnia
1143 2881 1177 2939 et
1199 2875 1334 2960 singula
1355 2876 1390 2939 in

277 2981 371 3045 dicta
397 2981 616 3046 ordinacione
643 2985 809 3043 contenta
836 2985 872 3042 et
899 2979 1005 3063 ipsius
1032 2979 1192 3048 Cantarie
1218 2980 1389 3055 ordinata,

277 3087 388 3150 causis
411 3085 563 3150 eiusdem
587 3084 812 3149 consideratis
835 3089 871 3147 et
895 3084 1016 3148 intime
1039 3084 1248 3168 ponderatis,
1272 3105 1390 3150 eorum

277 3197 500 3255 concurrente
520 3190 703 3253 voluntate
724 3193 758 3252 et
779 3208 920 3253 assensu
940 3209 1088 3272 quorum
1109 3188 1250 3252 interest
1271 3189 1306 3252 in
1326 3190 1391 3252 hoc

277 3315 370 3370 casu,
394 3300 566 3379 quantum
590 3293 635 3358 ad
658 3313 721 3356 nos
744 3293 873 3357 attinet
897 3298 1128 3376 acceptamus,
1152 3299 1187 3356 et
1210 3293 1321 3376 ipsam
1343 3293 1391 3356 sic

249 3445 252 3450 -
278 3398 349 3462 lieri
366 3399 488 3463 debere
505 3404 539 3462 et
560 3418 631 3461 esse
651 3403 685 3461 et
702 3398 958 3481 imperpetuum
978 3397 1198 3462 inuiolabiter
1216 3397 1390 3462 obseruari

278 3502 488 3578 ordinamus,
513 3502 737 3578 decernimus,
755 3502 1010 3578 confirmamus,
1028 3501 1288 3586 emologamus,³
1311 3501 1392 3566 rati-

279 3607 433 3683 ficamus
449 3607 727 3691 pronunciamus,
743 3613 778 3670 et
792 3607 901 3671 eciam
915 3606 1101 3670 diffinimus
1114 3606 1150 3670 in
1164 3605 1231 3690 hijs
1244 3606 1391 3690 scriptis

279 3712 373 3794 Jure,
398 3710 645 3786 iurisdiccione,
669 3711 841 3786 libertate,
865 3710 1035 3795 dignitate
1058 3716 1092 3774 et
1115 3710 1244 3775 honore
1266 3710 1392 3774 nostris

281 3821 316 3879 et
336 3815 475 3879 ecclesie
494 3820 611 3879 nostre
630 3815 734 3878 Ebor.
756 3815 791 3878 in
812 3815 972 3879 omnibus
991 3820 1026 3879 et
1046 3835 1106 3898 per
1125 3814 1241 3878 omnia
1260 3834 1394 3898 semper

279 3919 395 3983 saluis,
444 3919 485 3983 In
516 3938 664 4002 quorum
695 3918 851 3982 omnium
883 3918 1121 3982 testimonium
1152 3924 1258 4002 atque
1289 3918 1392 3982 tidem

280 4023 396 4087 literas
433 4028 569 4087 nostras
607 4022 678 4086 fieri
716 4021 960 4087 mandauimus
998 4023 1060 4086 has
1097 4028 1268 4106 patentes,
1306 4043 1393 4106 quas

280 4127 381 4211 sigilli
403 4127 512 4191 nostri
535 4126 743 4210 appensione
766 4126 909 4190 lecimus
930 4126 1145 4191 communiri.
1193 4127 1274 4192 Dat.
1299 4127 1393 4211 apud

281 4231 425 4296 Cawode
456 4230 620 4295 vicesimo
651 4231 705 4295 die
735 4230 862 4294 mensis
893 4230 973 4314 Maij
1006 4230 1108 4295 Anno
1139 4230 1219 4295 D'ni
1251 4231 1393 4296 Mill’mo

214 4424 216 4429 Ι
281 4346 375 4400 cccmo
413 4335 698 4420 quinquagesimo
745 4355 848 4411 non0,
898 4335 944 4399 Et
992 4334 1230 4400 translacionis
1276 4342 1393 4400 nostre

280 4439 440 4524 septimo

353 4694 361 4715 ¹
381 4688 439 4737 Not
451 4689 481 4738 in
494 4689 552 4738 MS.
624 4694 635 4717 ²
653 4688 708 4737 For
721 4688 935 4752 appositionem.

353 4799 363 4831 ³
382 4794 553 4861 Equivalent
566 4798 597 4842 to
609 4792 995 4858 confirmamus—Ducange.
