3392 5650
631 742 724 807 Acrs
748 761 793 808 or
817 744 996 809 CnAPrEn.
1308 761 1370 826 107

259 927 293 985 et
309 942 433 1005 corpus
448 943 549 986 suum
566 923 610 986 ad
626 923 859 1006 sepeliendum
876 923 909 986 ln
926 922 1105 1006 cymiterio
1121 922 1200 986 eccl.
1220 922 1368 1006 Rypon'.

260 1027 350 1090 Item
381 1026 510 1110 legauit
541 1047 603 1111 pro
634 1028 823 1091 mortuario
854 1049 916 1092 suo
947 1048 1053 1091 vnam
1084 1048 1237 1101 vaccam,
1270 1033 1304 1090 et
1336 1027 1370 1091 in

260 1130 507 1195 distribucione
533 1152 723 1215 pauperum
750 1131 802 1215 ijs.
834 1140 912 1217 (49).
961 1132 1050 1195 Item
1078 1131 1205 1215 legauit
1230 1131 1264 1195 in
1292 1152 1370 1195 con-

259 1234 442 1299 uocacione
470 1235 661 1299 vicinorum
685 1241 719 1299 et
743 1236 932 1300 amicorum
956 1256 1095 1300 suorum
1120 1235 1174 1299 die
1196 1236 1371 1318 sepulture

258 1360 328 1414 sue,
347 1339 436 1423 viijs.
486 1340 576 1404 Item
593 1338 628 1403 in
645 1360 722 1403 cera
739 1360 801 1423 pro
818 1340 946 1404 lumine
964 1340 1124 1404 habenda
1141 1340 1230 1404 circa
1247 1360 1370 1424 corpus

257 1464 369 1519 suum,
394 1444 490 1527 viijd.
540 1445 629 1508 Item
652 1445 779 1529 legauit
803 1444 987 1529 Capellano
1009 1466 1071 1509 suo
1094 1444 1291 1527 parochiali,
1316 1444 1368 1528 ijs,

259 1548 348 1612 Item
366 1548 494 1633 legauit
513 1548 645 1613 Matild'
665 1556 700 1613 et
718 1549 877 1613 Elianore
895 1549 1030 1613 filiabus
1048 1549 1158 1631 Joh'is
1176 1548 1218 1613 de
1236 1550 1370 1632 Hewyk

257 1652 279 1736 ij
306 1673 388 1717 oues
411 1653 572 1717 matrices
595 1674 674 1717 cum
698 1653 719 1736 ij
747 1654 842 1738 agnis
867 1660 901 1718 et
925 1654 970 1718 di.
996 1654 1067 1717 rod.
1093 1673 1172 1717 cum
1197 1654 1370 1717 frumento

257 1757 463 1821 seminatam
476 1757 589 1841 equali
602 1758 771 1841 porcione.
810 1758 900 1822 Item
913 1758 1040 1841 legauit
1054 1758 1179 1842 Agneti
1192 1758 1298 1821 sorori
1310 1779 1370 1821 sue

257 1882 363 1926 vnam
387 1883 540 1939 vaccam,
566 1862 587 1946 ij
615 1884 696 1927 oues
720 1864 890 1937 matrices
916 1869 950 1927 et
974 1862 995 1945 ij
1023 1883 1139 1946 agnos
1166 1868 1199 1926 et
1224 1862 1269 1927 di.
1296 1863 1367 1926 rod.

257 1986 336 2030 cum
349 1966 541 2031 mixtilione
553 1968 769 2032 seminatam.
812 1967 902 2030 Item
915 1967 1042 2051 legauit
1058 1967 1155 2030 Ric'o
1170 1967 1370 2051 Magotsone

257 2070 278 2154 ij
310 2071 476 2135 bidentes
526 2071 616 2135 Item
643 2070 771 2155 legauit
800 2072 922 2135 Emme
952 2071 1085 2154 Hewyk
1113 2070 1158 2134 di.
1189 2071 1260 2135 rod.
1290 2092 1369 2135 cnm

256 2175 430 2240 frumento
460 2176 667 2240 seminatam
697 2175 707 2259 j
736 2176 890 2240 tunicam
921 2197 1000 2240 cum
1030 2175 1040 2259 j
1075 2176 1228 2259 capucio.
1280 2175 1369 2239 Item

255 2280 383 2364 legauit
412 2280 526 2344 Will'o
555 2281 771 2344 Attetonend
800 2280 810 2364 j
843 2281 947 2345 ollam
977 2301 1133 2355 enneam,
1165 2286 1199 2344 et
1228 2281 1256 2343 si
1285 2280 1369 2364 quid

255 2384 430 2449 residuum
445 2385 547 2449 fuerit
564 2384 606 2449 de
621 2384 720 2448 bonis
735 2385 804 2449 suis
819 2385 975 2468 superius
989 2405 1059 2448 non
1075 2384 1205 2469 legatis
1223 2384 1318 2448 dedit
1335 2390 1369 2448 et

254 2488 382 2574 legauit
420 2489 464 2553 ad
503 2489 779 2554 distribuendum
817 2490 1026 2573 pauperibus
1060 2509 1121 2572 pro
1156 2488 1273 2553 anima
1306 2509 1370 2553 sua

255 2594 444 2657 secundum
459 2593 714 2658 ordinacionem
730 2592 841 2675 Joh'is
857 2594 899 2657 de
915 2593 1017 2677 Clynt
1033 2592 1201 2676 capellani
1216 2592 1368 2668 iunioris

254 2718 358 2782 quem
383 2697 524 2782 quidem
550 2698 747 2779 Johannem
773 2697 855 2762 lecit
881 2703 915 2762 et
942 2697 1123 2762 constituit
1150 2703 1369 2761 executorem

254 2822 366 2878 suum,
381 2824 460 2867 cum
474 2803 603 2867 auxilio
616 2809 650 2867 et
664 2802 805 2867 consilio
819 2802 932 2885 Joh’is
945 2802 988 2866 de
1002 2802 1136 2886 Hewyk
1149 2801 1368 2877 coadiutoriS,

141 2972 145 2979 ,
255 2913 295 2972 vt
321 2907 434 2972 dictus
460 2907 578 2990 Joh'es
604 2908 646 2971 de
672 2907 775 2991 Clynt
801 2908 889 2971 bene
915 2914 950 2971 et
976 2907 1121 2972 fideliter
1146 2906 1281 2972 ordinet
1307 2927 1369 2990 pro

254 3011 349 3076 dicta
368 3011 501 3076 Gudith
520 3034 583 3076 suo
602 3012 707 3076 modo
726 3012 868 3076 meliori.

344 3156 434 3219 Item
472 3176 631 3219 concessa
670 3155 735 3219 fuit
774 3154 1032 3218 administracio
1069 3154 1238 3218 bonorum
1277 3153 1368 3236 dicte

255 3259 418 3324 defuncte
442 3260 536 3326 dicto
560 3260 654 3343 Joh'i
679 3261 721 3324 de
746 3260 849 3342 Clynt
874 3259 1065 3343 penultimo
1090 3258 1144 3322 die
1170 3258 1248 3342 Maij
1277 3280 1367 3323 anno

254 3365 464 3448 supradicto.

343 3507 433 3571 Item
458 3513 589 3591 postea,
617 3507 723 3570 tercio
748 3507 803 3570 die
828 3507 955 3571 mensis
980 3506 1088 3589 Junij‚
1113 3506 1226 3570 dictus
1250 3506 1368 3589 Joh’es

253 3612 377 3676 habuit
396 3612 671 3696 acquietanciam
690 3632 752 3694 pro
771 3612 865 3675 dicto
885 3617 1107 3686 testamento
1128 3611 1209 3695 quia
1228 3612 1314 3675 bene
1334 3618 1368 3676 et

254 3716 400 3781 fideliter
418 3717 675 3781 administrauit
694 3716 729 3780 in
748 3716 847 3780 bonis
867 3715 958 3780 dicte
977 3715 1148 3780 defuncte.

256 3924 344 4007 (171)
368 3923 645 3988 Tesrnnsnron
668 3923 814 3988 Xpiana
836 3923 981 3987 Lvsrsu
1003 3940 1050 3986 us
1073 3923 1363 3988 Srnunamonru.

343 4090 384 4155 ln
416 4090 480 4154 Dei
512 4091 660 4166 nomine,
694 4091 815 4166 Amen,
849 4091 973 4175 quinto
1004 4091 1059 4154 dic
1090 4091 1215 4155 mensis
1248 4091 1365 4155 Marcii

254 4194 355 4258 Anno
387 4195 468 4259 D'ni
500 4195 618 4259 Mill'io
652 4209 750 4259 ccc¹¹¹0
780 4195 929 4279 lxxviij0‚
963 4196 1037 4280 Ego
1072 4194 1211 4278 Xpiana
1243 4196 1366 4279 Lyster
1485 4210 1490 4221 ·
1524 4210 1530 4222 ’

254 4299 365 4363 condo
390 4305 640 4363 testamentum
665 4320 780 4364 meum
805 4300 839 4363 in
865 4300 956 4364 hunc
981 4300 1132 4363 modum.
1182 4300 1222 4363 In
1248 4300 1365 4383 primis

254 4402 299 4467 do
326 4409 360 4467 et
387 4403 462 4487 lego
489 4404 641 4468 animam
669 4424 781 4468 meam
809 4404 884 4468 Deo
911 4405 1152 4487 omnipotenti,
1181 4410 1216 4468 et
1243 4425 1366 4488 corpus

238 4527 368 4576 ,meum
405 4507 449 4572 ad
485 4508 718 4591 sepeliendum
754 4509 789 4572 in
825 4509 1005 4591 cymiterio
1041 4509 1179 4572 ecclesie
1215 4508 1363 4592 Rypon'.

255 4612 344 4675 Item
371 4611 445 4696 lego
473 4612 507 4675 in
535 4612 781 4676 distribucione
809 4633 1001 4696 pauperum
1029 4633 1102 4677 xus,
1151 4614 1197 4676 Et
1225 4614 1259 4676 in
1287 4634 1366 4677 con-

254 4716 438 4780 uocacione
459 4716 652 4780 vicinorum
674 4722 708 4780 et
730 4717 920 4781 amicorum
941 4738 1096 4782 meorum
1116 4717 1172 4809 die
1193 4718 1367 4801 sepulture

254 4841 339 4897 mee,
378 4841 453 4886 xus,
502 4821 591 4885 Item
629 4821 703 4906 lego
741 4821 869 4886 fabrice
907 4822 1045 4887 ecclesie
1083 4809 1219 4907 Rypon'
1258 4843 1367 4887 vnum
