3392 5650
333 700 394 766 128
617 703 696 767 Tur
721 703 877 767 luouor
902 703 1150 768 llauuscruer.

329 880 400 944 d’ni
427 881 467 945 R.
494 883 536 946 de
561 882 602 946 N.
628 884 741 948 vltimi
766 883 928 947 Canonici
952 890 986 946 et
1011 882 1227 966 prebendarij
1254 884 1444 947 eorundem

328 993 503 1060 vacantes,
518 995 552 1051 et
567 989 631 1050 sibi
647 1040 654 1053 .
672 1041 678 1052 .
697 1000 717 1052 .¹
737 989 820 1071 (per)
837 987 1159 1052 reuerendissimum
1173 988 1207 1052 in
1223 1008 1293 1071 xpo
1306 995 1443 1071 patrem

328 1096 362 1152 et
374 1089 480 1163 dnm,
492 1091 587 1154 d’nm
598 1091 659 1155 Th.
672 1092 893 1174 permissione
902 1091 1020 1156 diuina
1031 1093 1219 1157 Eboracen.
1231 1093 1440 1176 Archiep’m,

327 1193 447 1277 Anglie
468 1196 662 1278 primatem,
683 1203 718 1260 et
738 1196 926 1279 apostolice
945 1197 1035 1260 sedis
1054 1197 1208 1282 legatum
1228 1198 1384 1273 collatos,
1407 1205 1442 1262 te

328 1298 361 1361 in
386 1320 566 1382 personam
589 1301 726 1364 discreti
749 1301 813 1363 viri
836 1300 909 1363 d’ni
932 1299 984 1364 W.
1010 1301 1052 1364 de
1078 1301 1134 1375 K..
1158 1301 1338 1385 capellani,
1362 1322 1441 1384 pro

327 1405 495 1468 curatoris
507 1405 557 1468 tui
569 1405 794 1469 sufficientem
808 1405 841 1467 in
855 1405 919 1468 hac
932 1413 1030 1488 parte
1042 1413 1253 1489 potestatem
1265 1406 1437 1481 habentis,

327 1528 367 1572 ac
386 1510 497 1592 ipsum
521 1518 777 1593 procuratorem
799 1510 962 1574 nomine.
985 1562 990 1573 .
1013 1524 1035 1573 .¹
1057 1510 1142 1592 (tuo)
1158 1510 1387 1585 admittimus
1406 1517 1442 1575 et

328 1634 388 1696 per
424 1614 500 1678 libri
538 1615 762 1678 tradicionem
802 1614 1006 1678 inuestimus
1043 1614 1180 1679 realiter
1216 1615 1259 1678 de
1297 1614 1439 1689 eisdem,

327 1718 536 1802 stallumque
560 1720 594 1782 in
617 1720 732 1793 choro,
757 1719 939 1802 locumque
963 1719 998 1781 in
1022 1718 1183 1801 Capitulo
1205 1719 1308 1783 dictis
1331 1719 1441 1784 Cano-

327 1823 456 1887 nicatui
478 1831 513 1888 et
536 1823 706 1907 prebende
729 1823 939 1906 pertinentes
961 1822 1024 1886 tibi
1046 1843 1086 1886 ac
1107 1822 1202 1886 dicto
1223 1824 1439 1905 procuratori

327 1928 464 1991 nornine
498 1935 559 1992 tuo
591 1928 843 2012 assiglnalmus
878 1927 1079 2010 dictumque
1112 1927 1209 1992 d'nm
1243 1926 1438 1992 Robertum

327 2032 464 2095 nomine
488 2053 550 2096 suo
574 2033 609 2095 in
633 2032 843 2115 corporalem
868 2032 1115 2115 possessionem
1138 2031 1231 2095 dicte
1254 2032 1438 2115 prebende,

327 2158 405 2200 cum
425 2137 495 2200 suis
516 2138 645 2200 iuribus
664 2144 698 2200 et
718 2136 940 2220 pertinencijs
959 2137 1137 2212 uniuersis,
1158 2157 1219 2220 per
1237 2137 1335 2201 d'nm
1355 2137 1436 2221 Joh.

328 2240 464 2304 Rednes
475 2241 793 2306 subthesaurarium
803 2241 941 2305 ecclesie
952 2248 1067 2305 nostre
1079 2241 1242 2324 predicte,
1255 2242 1440 2307 actualiter

327 2346 442 2410 induci
473 2346 615 2411 fecimus
644 2346 786 2427 Juribus
816 2346 1035 2410 libertatibus
1064 2352 1099 2410 et
1128 2347 1439 2412 consuetudinibus

327 2452 452 2514 nostris
474 2458 509 2514 et
531 2450 668 2514 ecclesie
691 2457 806 2514 nostre
829 2450 981 2534 predicte
1003 2471 1044 2514 ac
1065 2449 1150 2533 Jure
1168 2450 1309 2516 alterius
1326 2452 1438 2516 cuius-

326 2576 474 2639 cumque
491 2556 526 2619 in
544 2555 703 2619 omnibus
719 2575 854 2638 semper
870 2554 983 2619 saluis.
1032 2556 1113 2619 Dat.
1134 2555 1260 2639 Ripon'
1279 2556 1314 2620 in
1332 2556 1439 2620 domo

327 2668 444 2724 nostra
463 2660 655 2743 capitulari,
675 2668 774 2724 sexto
792 2660 847 2723 die
866 2660 992 2722 mensis
1009 2659 1086 2723 Oct.
1107 2660 1209 2723 Anno
1227 2660 1299 2723 d‘ni
1320 2660 1438 2723 Mill'io

326 2781 428 2840 ccre0‚
449 2770 502 2830 etc.

811 2894 951 2977 (Form).

330 3051 417 3131 (206)
436 3051 614 3114 Anurssro
630 3066 679 3112 no
695 3065 919 3112 Praesumit
936 3067 984 3114 Ex
1000 3067 1115 3114 causa
1131 3067 1435 3117 eruuuracrours.

223 3277 228 3288 ¹
415 3191 612 3275 Capitulum
643 3189 780 3253 ecclesie
810 3188 994 3275 Collegiate
1010 3170 1088 3255 'uti
1118 3191 1266 3255 unuln
1297 3191 1434 3277 Rypon’

191 3279 216 3324 ¹·
254 3281 267 3308 ''
328 3298 475 3362 discreto
505 3296 579 3359 viro
611 3294 740 3379 llag'ro
770 3295 810 3360 A.
843 3296 885 3360 de
917 3296 971 3369 D..
1002 3295 1190 3379 capellano,
1222 3297 1370 3362 salutem
1400 3298 1435 3362 in

327 3402 464 3467 sinceris
487 3400 702 3484 amplexibus
726 3399 924 3464 Saluatoris.
972 3400 1026 3463 Ad
1049 3399 1299 3465 Canonicatum
1322 3401 1435 3466 eccl'ie

327 3515 442 3571 nostre
460 3505 609 3589 Rypon’,
628 3511 662 3568 et
679 3504 889 3588 prebendam
907 3504 949 3568 de
966 3503 1006 3568 G.
1026 3504 1060 3568 in
1077 3505 1198 3569 eadem
1215 3524 1276 3588 per
1291 3505 1435 3571 liberam

326 3612 592 3696 resignaeionem
612 3608 815 3672 venerabilis
834 3616 869 3672 et
890 3608 1026 3672 discreti
1046 3608 1111 3672 viri
1131 3608 1251 3694 Mag’ri
1271 3608 1311 3674 G.
1332 3610 1375 3673 de
1396 3611 1432 3675 F.

325 3718 437 3782 ultimi
461 3715 623 3780 Canonici
646 3721 680 3778 et
703 3713 918 3798 prebendarij
944 3712 1130 3777 eorundem
1153 3734 1213 3797 per
1235 3714 1377 3778 modum
1399 3721 1434 3778 et

324 3845 365 3888 ex
379 3843 482 3886 eausa
495 3819 762 3903 permutacionis
776 3819 866 3883 lacte
879 3838 957 3882 cum
971 3824 1006 3881 et
1019 3837 1081 3901 pro
1094 3818 1234 3882 eeclesia
1247 3818 1434 3902 parochiali

324 3930 366 3993 de
381 3928 418 3992 T.
436 3925 589 4010 Lyncoln
605 3924 691 3988 dioc.
708 3944 814 4007 quam
830 3930 870 3988 tu
885 3922 1046 4006 primitus
1061 3923 1252 4006 optinuisti‚
1268 3930 1434 3988 vacantes

324 4042 357 4097 et
392 4033 455 4096 tibi
488 4050 548 4114 per
579 4027 900 4092 reuerendissimum
932 4027 967 4091 in
1000 4047 1070 4110 xpo
1102 4033 1237 4110 patrem
1269 4034 1304 4092 et
1336 4029 1433 4093 d'nm

323 4145 480 4203 nostrum
494 4134 590 4198 d'nm
605 4132 649 4197 H.
665 4132 885 4216 permissione
900 4131 1018 4197 diuina
1032 4132 1220 4196 Eboracen.
1236 4132 1432 4216 Archiep'm

323 4241 443 4326 Anglie
472 4239 655 4323 primatem
683 4242 717 4300 et
746 4237 932 4320 apostolice
960 4236 1049 4300 sedis
1076 4235 1228 4321 legatum
1256 4257 1298 4301 ex
1326 4258 1433 4303 eausu

323 4343 519 4411 huiusmodi
534 4341 800 4426 permutacionis
815 4340 969 4405 faciende
983 4339 1136 4416 collatos,
1153 4347 1187 4404 te
1202 4341 1236 4406 in
1250 4362 1432 4425 personam

323 4449 460 4515 discreti
490 4447 554 4511 viri
584 4446 655 4510 d'ni
686 4446 718 4528 J.
750 4447 792 4510 de
823 4445 873 4520 Ρ.,
904 4443 1089 4529 Capellani,
1120 4447 1351 4530 procuratoris
1380 4448 1431 4513 tui

322 4554 547 4620 sufficientem
569 4551 602 4615 in
626 4552 689 4615 hac
711 4557 809 4634 parte
831 4557 1042 4633 potestatem
1063 4551 1234 4627 habentis,
1256 4573 1296 4616 ac
1317 4553 1431 4636 ipsum

323 4663 579 4744 procuratorem
611 4655 748 4719 nomine
781 4661 843 4718 tuo
874 4655 909 4718 in
941 4655 1152 4738 corporalem
1183 4656 1430 4740 possessionem

395 4823 402 4844 ¹
422 4819 498 4882 Edge
511 4817 540 4866 ot
553 4817 607 4866 leat
621 4820 819 4865 mouse-eaten.
