3392 5650
643 702 737 767 Aeas
761 720 807 767 or
830 702 1009 768 Canama.
1320 718 1384 781 240

269 886 310 965 85
324 908 356 952 v.
402 881 490 963 (350)
514 862 705 953 Ordinatio
728 889 896 955 Cantarie
915 891 951 954 in
973 891 1120 969 Capella
1139 890 1244 955 beate
1267 888 1382 953 Marie

311 983 356 1046 de
378 981 586 1047 Clotherum
608 983 765 1048 fundate.

357 1118 546 1184 Vuinersis
577 1116 610 1180 S.
645 1116 689 1180 M.
723 1117 762 1180 E.
796 1116 876 1199 filijs
907 1117 951 1181 ad
976 1138 1063 1202 quos
1088 1122 1262 1201 presentes
1286 1116 1383 1179 litere
1463 1136 1536 1185 1359,

271 1219 500 1301 peruenerint,
527 1220 645 1302 Joh'es
670 1221 892 1304 permissione
917 1222 1035 1286 diuina
1060 1222 1163 1285 Ebor.
1191 1220 1382 1303 Archiepis-
1432 1191 1498 1252 May
1512 1204 1554 1239 ²⁰'

270 1343 376 1406 copus
397 1323 518 1408 Anglie
540 1324 672 1388 Primas
693 1331 728 1388 et
749 1326 936 1409 apostolice
957 1326 1046 1390 sedis
1066 1327 1211 1410 legatus
1233 1324 1382 1389 salutem
1411 1348 1586 1411 Archbtsnop

270 1426 305 1489 in
346 1426 484 1491 sinceris
526 1428 742 1512 amplexibus
783 1430 988 1506 saluatoris;
1028 1430 1118 1494 illius
1159 1429 1382 1494 deuocionem
1414 1415 1583 1530 Τξζζξξξζὸ

269 1530 437 1594 sinceram
461 1533 623 1596 conuenit
649 1533 706 1616 pia
730 1534 857 1597 mentis
881 1534 1076 1598 intencione
1101 1533 1227 1609 fouere,
1253 1533 1313 1618 qui
1338 1532 1383 1597 ad
1421 1496 1439 1545 p
1567 1520 1572 1531 ¹

270 1635 378 1699 diuini
424 1636 538 1699 cultus
579 1643 814 1721 augmentum,
855 1638 1156 1721 multiplicandum
1202 1658 1384 1702 numemm

271 1739 545 1804 ministrancium
570 1741 605 1804 in
631 1741 772 1805 ecelesia
796 1748 918 1806 sancta
943 1742 1017 1817 Dei,
1044 1763 1084 1806 ac
1109 1742 1154 1807 ad
1179 1742 1382 1807 instituend.

270 1843 452 1908 missarum
489 1844 748 1921 celebracioneS,
787 1866 855 1930 que
892 1867 932 1910 eo
971 1846 1042 1930 Xpi
1080 1846 1237 1911 fidelibus
1275 1847 1384 1930 magis

270 1948 454 2031 proficiunt
485 1949 529 2012 ad
560 1949 718 2024 salutem,
751 1971 820 2034 quo
847 1951 883 2014 in
910 1951 992 2034 ipsis
1023 1971 1100 2035 rege
1131 1951 1292 2026 colomm,
1325 1971 1386 2034 per

270 2052 405 2128 mistica
425 2073 568 2117 munera
588 2054 815 2137 complacato,
837 2061 1058 2138 peccatorum
1079 2055 1230 2120 remedia
1250 2055 1384 2119 facilius

269 2156 511 2240 impetrantur,
552 2141 789 2222 'sufficientem
839 2166 1044 2243 perpetuam
1094 2159 1291 2243 porcionem
1341 2159 1384 2224 de

269 2261 538 2343 possessionibus
584 2269 620 2326 et
666 2262 892 2327 facultatibus
938 2264 1018 2338 suis
1066 2263 1239 2346 libertate1
1287 2264 1384 2347 cupit

159 2430 163 2438 .
271 2366 427 2450 gratuita
445 2366 578 2451 elargiri
595 2387 601 2442 ;

359 2507 449 2573 Cum
481 2507 592 2586 igitur
627 2508 817 2591 quamdam
854 2514 987 2574 cartam
1024 2508 1237 2592 duplicatam
1270 2508 1385 2573 dilecti

269 2609 328 2693 filij
355 2611 467 2693 Joh'is
491 2611 534 2675 de
557 2611 756 2676 Clotherum
779 2611 851 2676 d'ni
874 2612 916 2676 de
939 2612 1136 2678 Clotherum
1159 2619 1274 2676 nostre
1297 2612 1384 2677 dioc.

270 2735 310 2778 ac
339 2715 596 2780 ordinacionem
623 2715 730 2799 ipsius
758 2716 888 2780 factam
916 2737 1019 2800 super
1044 2716 1197 2801 quadam
1224 2717 1387 2781 Cantaria

269 2818 304 2882 in
329 2819 468 2904 Capella
492 2821 593 2884 beate
618 2819 724 2884 Marie
747 2820 896 2905 Virginis
921 2820 963 2885 de
987 2820 1184 2886 Clotherom
1209 2821 1253 2886 ad
1277 2821 1386 2892 diuini

269 2924 419 2987 nominis
448 2924 596 2999 laudem,
627 2925 680 2988 sui
709 2925 823 2988 cultus
853 2932 1088 3010 augmentum,
1120 2932 1154 2989 et
1184 2946 1246 3011 pro
1274 2927 1386 2990 salute

269 3027 463 3092 animarum
490 3028 789 3113 infrascriptarum
816 3029 993 3112 perpetuis
1019 3031 1145 3094 futuris
1172 3031 1385 3114 temporibus

269 3133 428 3197 facienda
447 3133 696 3218 inspexerimus
714 3133 749 3197 in
768 3134 831 3197 hec
849 3135 978 3211 verba;

357 3275 534 3339 Omnibus
561 3274 633 3353 Xpi
663 3275 827 3338 fidelibus
876 3280 950 3338 tam
1005 3275 1222 3359 presentibus
1277 3297 1383 3360 quam
1406 3281 1585 3360 Fonndatron

269 3380 405 3455 futuris,
430 3380 608 3463 Johannes
633 3379 675 3443 de
703 3379 911 3455 Clotherom,
937 3380 1085 3444 salutem
1113 3380 1148 3444 in
1176 3401 1216 3445 eo
1243 3381 1303 3464 qui
1331 3387 1383 3445 est
1432 3349 1557 3477 ἓξὲξ

268 3485 422 3549 omnium
447 3504 530 3549 vera
546 3484 668 3565 ‚salus;
694 3482 814 3548 mundi
835 3484 936 3548 huius
956 3484 1062 3548 fallax
1088 3491 1123 3548 et
1147 3505 1239 3549 vana
1263 3484 1381 3570 gloria,
1445 3481 1508 3544 Jan.
1523 3496 1548 3532 2·

221 3640 224 3645 .
268 3588 310 3652 de
342 3609 412 3673 quo
444 3589 580 3673 sapiens
612 3609 675 3652 sua
706 3587 754 3652 sic
786 3587 941 3671 loquitur
971 3589 1006 3652 in
1030 3588 1210 3672 scriptura,
1244 3588 1383 3653 vanitas

267 3694 466 3757 vanitatum
500 3698 535 3756 et
568 3693 685 3757 omnia
711 3692 860 3767 vanitas
889 3693 1152 3757 oblectamentis
1185 3693 1316 3757 friuolis
1347 3700 1383 3757 et
1409 3697 1482 3747 Eccl-
1498 3699 1545 3756 xii,
1560 3702 1584 3749 8.

268 3797 407 3862 caducis
439 3798 593 3862 animum
625 3817 741 3862 meum
774 3796 959 3881 plusquam
992 3802 1167 3880 oporteret
1198 3799 1383 3862 transactis

268 3902 482 3986 temporibus
515 3907 556 3964 vt
590 3902 703 3965 fateor
735 3900 932 3984 occupauit.
981 3901 1071 3965 Hinc
1106 3907 1159 3965 est
1192 3902 1286 3986 quod
1321 3923 1383 3987 ego

267 4006 386 4088 Joh'es
404 4006 446 4070 de
463 4006 658 4070 Clotherom
675 4004 882 4080 antedictus
900 4005 1051 4088 cupiens
1069 4005 1262 4089 opitulante
1279 4006 1380 4083 D’no,
1452 4066 1455 4073 .

268 4110 313 4175 ad
329 4111 439 4175 instar
450 4108 787 4194 Apostolieuacuare
800 4129 841 4173 ea
853 4129 920 4193 que
933 4115 1031 4173 erant
1045 4109 1182 4192 paruli‚²
1199 4114 1234 4173 et
1251 4110 1382 4195 aliquid
1418 4123 1427 4157 1
1444 4111 1504 4160 eor.
1519 4112 1578 4170 xiii,

267 4215 410 4299 proficui
432 4214 622 4299 spiritualis
645 4214 709 4278 hoc
733 4213 897 4277 sementis
921 4219 1074 4297 ternpore
1097 4215 1264 4279 seminare
1287 4216 1381 4299 quod
1477 4191 1515 4228 H'

156 4392 160 4401 ¹
266 4319 407 4384 veniens
426 4339 505 4384 curn
525 4318 742 4383 exultacione
761 4337 822 4402 per
842 4318 906 4380 Dei
927 4318 1078 4401 graciam
1097 4325 1226 4382 metere
1245 4319 1381 4384 valeam

266 4423 302 4488 in
327 4424 456 4499 futur0,
483 4429 635 4487 vestram
660 4422 924 4486 vniuersitatem
949 4422 1034 4485 scire
1059 4422 1138 4486 volo
1163 4443 1218 4487 me
1243 4423 1381 4506 Joh'em

266 4527 308 4591 de
325 4527 521 4592 Clotherom
537 4526 725 4611 supradict.
744 4526 786 4590 de
802 4526 944 4590 licencia
960 4531 997 4589 et
1014 4546 1154 4591 assensu
1170 4528 1381 4592 excellentis·
1445 4513 1541 4587 .R⁰y³¹

267 4632 345 4695 simi
366 4632 534 4716 Principis
550 4638 585 4695 et
605 4631 677 4695 d'ni
696 4630 762 4695 n’ri
778 4630 850 4694 d’ni
871 4629 1043 4706 Edwardi,
1061 4631 1125 4695 Dei
1144 4632 1259 4716 gracia
1280 4633 1382 4717 Regis
1420 4577 1578 4703 Issldivncfllf

339 4798 347 4822 ¹
366 4794 403 4844 So
415 4794 443 4842 in
457 4794 524 4850 MS„
538 4794 581 4842 for
597 4795 790 4845 “liberalitate
802 4795 818 4815 ''
836 4795 846 4844 l
921 4800 930 4822 ²
950 4796 1029 4846 Read
1044 4795 1209 4860 “parvuli''
