3392 5650
329 720 394 801 246
616 719 695 783 Tur
719 718 876 783 Ixouax
900 717 1146 781 blanuscum.

328 899 525 974 eorundem,
551 899 838 981 vestimentaque,
865 896 980 970 libros,
1006 896 1157 970 calicem,
1184 902 1219 959 et
1247 895 1314 959 alia
1338 915 1438 958 oma-

329 1009 447 1067 menta
463 1003 691 1066 ecclesiastica
707 1002 752 1065 ad
768 991 964 1065 huiusmodi
981 1001 1089 1063 altare
1105 1006 1139 1062 et
1156 1000 1347 1063 cantariam
1363 1019 1438 1082 per-

330 1108 489 1182 tinencia,
520 1128 560 1170 ac
588 1106 704 1170 omnia
732 1112 767 1169 et
795 1105 929 1189 singula
957 1105 1002 1168 ad
1030 1125 1130 1168 vsum
1159 1104 1250 1168 dicte
1279 1103 1439 1167 Cantarie

330 1212 500 1295 deputata
539 1218 573 1274 et
613 1211 787 1294 assignata
827 1231 867 1273 ac
906 1209 1107 1292 deputanda
1146 1214 1181 1271 et
1221 1208 1438 1292 assignanda,

331 1322 517 1399 terrasque,
544 1315 709 1389 redditus,
736 1320 771 1377 et
796 1320 995 1377 tenementa
1019 1313 1174 1397 predicta
1199 1313 1233 1375 in
1258 1312 1440 1376 sufficienti

330 1426 427 1483 statu
448 1419 618 1484 custodiet
640 1425 674 1481 et
695 1419 902 1493 custodient,
925 1439 965 1482 ac
985 1418 1055 1481 suis
1076 1417 1223 1502 proprijs
1243 1416 1440 1500 sumptibus

331 1530 366 1587 et
394 1524 551 1607 expensis
578 1543 657 1587 cum
685 1522 893 1606 indiguerint
921 1523 1141 1605 reparabunt,
1170 1521 1439 1604 supportabunt,

332 1634 367 1691 et
379 1628 543 1702 reficiant,
557 1648 597 1691 ac
609 1628 741 1710 integra
752 1632 787 1689 et
799 1627 896 1690 salua
907 1625 979 1689 sine
991 1625 1240 1709 dilapidacione
1252 1624 1441 1689 secundum

333 1732 596 1816 possibilitatem
633 1731 818 1795 eomndem
856 1730 1030 1814 perpetuis
1067 1730 1193 1794 tuturis
1229 1729 1442 1813 temporibus

332 1835 478 1899 fideliter
510 1836 798 1908 consueruabunt,
831 1840 867 1897 et
898 1834 940 1898 de
971 1834 1098 1897 eisdem
1129 1833 1264 1898 fidelem
1298 1832 1442 1897 reddent

333 1940 504 2004 racionem
536 1939 695 2022 Capitulo
727 1939 927 2022 supradicto
959 1939 1121 2022 quociens
1153 1959 1195 2002 ex
1227 1945 1325 2021 parto
1358 1937 1442 2001 dicti

333 2044 482 2128 Capituli
508 2044 542 2107 in
567 2065 606 2107 ea
630 2050 728 2127 parte
752 2043 880 2107 fuerint
901 2043 1066 2128 requisiti,
1091 2064 1151 2107 seu
1176 2063 1294 2107 eorum
1319 2042 1443 2125 aliquis

130 2145 234 2259 Yeaqy
247 2144 307 2228 opit
334 2149 436 2212 luerit
474 2148 667 2231 requisitus.
716 2148 762 2211 Et
800 2147 939 2231 insuper
975 2147 1135 2211 volumus
1172 2153 1207 2210 et
1244 2146 1443 2210 ordinamus

148 2225 292 2326 ormipgrs
333 2253 426 2337 quod
447 2252 592 2336 quilibet
614 2252 704 2315 dicte
726 2251 886 2315 Cantarie
907 2251 1104 2334 capellanus
1125 2251 1184 2335 qui
1206 2271 1268 2335 pro
1290 2257 1443 2334 tempore

333 2357 436 2420 fuerit
476 2357 510 2419 in
551 2356 691 2439 singulis
727 2355 883 2439 exequijs
919 2355 1045 2419 tuturis
1081 2355 1345 2439 imperpetuum,
1387 2354 1442 2418 die

332 2460 563 2544 Anniuersarij
587 2459 690 2523 Will'i
710 2460 752 2523 de
772 2460 923 2543 Lynton,
941 2459 1052 2541 Joh'is
1071 2458 1113 2522 de
1133 2460 1283 2543 Lynton,
1301 2458 1444 2542 Agnetis

332 2564 448 2628 vxoris
475 2584 545 2638 sue,
575 2585 615 2627 ac
642 2564 754 2645 Joh'is
781 2563 824 2627 de
852 2563 978 2647 Feriby
1006 2569 1041 2626 et
1069 2564 1259 2647 Margarete
1285 2584 1343 2627 vx.
1372 2583 1443 2638 sue,

332 2668 491 2732 videlicet
509 2668 641 2732 decimo
657 2667 735 2750 viij⁰
752 2667 806 2731 die
823 2668 950 2732 mensis
967 2667 1173 2732 Nouembris
1190 2667 1288 2731 annis
1304 2666 1445 2751 singulis

334 2772 469 2848 tuturis,
489 2772 655 2849 ministris
674 2772 812 2836 ecclesie
829 2771 1015 2856 Collegiate
1027 2772 1224 2856 supradicte
1237 2772 1271 2837 in
1290 2771 1445 2856 exequijs

333 2877 529 2941 huiusmodi
572 2877 798 2960 personaliter
840 2876 1123 2940 interessentibus
1166 2883 1201 2940 et
1244 2898 1312 2940 non
1356 2875 1443 2959 alijs,

333 2981 493 3046 videlicet
510 3002 570 3045 sex
588 2981 737 3064 vicarijS,
758 2981 844 3045 duos
862 2981 998 3055 solidos
1017 3001 1076 3044 sex
1095 2981 1246 3045 diaconis
1264 2980 1445 3045 duodecim

333 3085 501 3160 denarios
520 3085 758 3169 thuribularijs
775 3090 810 3148 et
827 3085 985 3149 choristis
1002 3085 1093 3149 dicte
1110 3085 1247 3149 ecclesie
1264 3085 1445 3149 duodecim

334 3190 501 3264 denarios,
541 3189 844 3273 centuriarumque
884 3189 984 3253 beate
1024 3189 1129 3253 Marie
1167 3190 1202 3253 in
1233 3189 1371 3273 ‘capella
1409 3189 1445 3254 in

334 3293 454 3357 eadem
492 3293 631 3357 ecclesia
668 3299 804 3357 statuta
842 3299 877 3356 et
915 3293 981 3357 S'ci
1018 3294 1188 3375 Johannis
1225 3294 1446 3378 Euangeliste

335 3397 526 3480 Capellanis
554 3417 614 3459 sex
646 3397 813 3472 denarios
845 3418 885 3460 ac
917 3397 1064 3461 Sacriste
1095 3403 1246 3482 quatuor
1276 3398 1444 3472 denarios,

236 3508 250 3538 θ
335 3507 370 3565 et
392 3502 613 3583 campanario
635 3521 695 3584 per
716 3500 834 3564 villam
858 3500 982 3584 Ripon'
1006 3522 1212 3585 campanam
1234 3503 1388 3585 portanti
1411 3508 1446 3565 et

336 3605 446 3669 dictas
471 3605 633 3688 exequias
658 3605 897 3688 proclamanti,
918 3605 1005 3669 duos
1024 3606 1181 3670 denarios
1206 3607 1446 3690 sterlingorum

336 3709 578 3793 premissorum
593 3709 770 3772 occasione
786 3709 828 3772 de
843 3710 947 3773 bursa
962 3711 1100 3793 propria
1115 3710 1260 3774 fideliter
1275 3710 1446 3795 persoluet

336 3812 393 3877 illo
408 3812 462 3876 die
476 3813 698 3896 exequiarum
712 3814 842 3897 absque
857 3833 963 3888 mora,
979 3834 1041 3897 pro
1055 3815 1180 3898 quibus
1194 3835 1275 3879 vero
1289 3814 1446 3899 expensis

336 3917 372 3981 in
402 3916 564 4000 predictis
594 3917 749 4001 exequijs
780 3917 944 3981 iaciendis
974 3919 1173 4002 supradicto
1203 3918 1285 3983 d'no
1317 3919 1446 3983 Rob'to

337 4021 477 4105 eiusque
510 4021 760 4085 successoribus
794 4021 885 4085 dicte
919 4022 1079 4086 Cantarie
1113 4022 1304 4106 Capelianis
1338 4043 1446 4086 vnum

337 4125 550 4209 mesuagium
577 4124 611 4188 in
638 4124 825 4209 Westgate,
855 4126 924 4190 duo
951 4127 1126 4210 mesuagia
1152 4127 1187 4191 in
1214 4127 1385 4211 Skellgate
1412 4133 1447 4190 et

338 4249 446 4292 vnum
462 4229 675 4313 mesuagium
690 4229 725 4292 in
742 4229 1017 4314 Hallhalowgate
1032 4251 1099 4314 que
1115 4230 1292 4314 quondam
1308 4231 1448 4295 fuerunt

339 4332 450 4414 Joh’is
466 4338 501 4395 et
518 4331 621 4395 Will'i
638 4333 680 4396 de
697 4333 837 4416 Lynton
854 4339 889 4397 et
906 4334 951 4397 ad
968 4354 1025 4398 eos
1041 4355 1102 4417 per
1118 4335 1260 4399 modum
1277 4335 1445 4419 excambij

135 4423 316 4539 {imbrii
339 4436 552 4500 deuenerunt
587 4437 842 4520 imperpetuum
878 4438 1114 4502 conceduntur
1149 4444 1183 4502 et
1219 4440 1447 4523 assignantur.

145 4555 307 4606 abierorau
340 4540 414 4624 Que
446 4540 562 4604 omnia
594 4546 629 4603 et
661 4537 794 4625 singula
826 4541 1046 4615 vestimenta,
1079 4542 1194 4618 libroS,
1228 4544 1379 4619 calicem,
1414 4553 1449 4607 et

132 4623 318 4755 thegffltry
340 4650 453 4708 cetera
493 4651 695 4708 ornamenta
736 4644 891 4728 predicta
932 4646 1003 4729 ipse
1043 4646 1247 4730 Capellanus
1286 4648 1346 4733 qui
1386 4669 1449 4732 Pro

340 4755 494 4833 ternpore
521 4747 624 4812 fuerit
650 4748 686 4812 in
712 4769 774 4813 sua
800 4749 913 4834 prima
939 4749 1145 4815 admissione
1171 4772 1231 4836 per
1257 4751 1373 4816 literas
1399 4752 1449 4817 in-
