<?xml version="1.0" encoding="UTF-8"?>
<!DOCTYPE html PUBLIC "-//W3C//DTD XHTML 1.0 Transitional//EN"
    "http://www.w3.org/TR/xhtml1/DTD/xhtml1-transitional.dtd">
<html xmlns="http://www.w3.org/1999/xhtml" xml:lang="en" lang="en">
 <head>
  <title>
</title>
<meta http-equiv="Content-Type" content="text/html;charset=utf-8" />
  <meta name='ocr-system' content='tesseract 3.04.00' />
  <meta name='ocr-capabilities' content='ocr_page ocr_carea ocr_par ocr_line ocrx_word'/>
</head>
<body>
  <div class='ocr_page' id='page_1' title='image "./memorialschurch01fowlgoog_0198.png"; bbox 0 0 3392 5650; ppageno 0'>
   <div class='ocr_carea' id='block_1_1' title="bbox 326 693 1140 776">
    <p class='ocr_par' dir='ltr' id='par_1_1' title="bbox 326 693 1140 776">
     <span class='ocr_line' id='line_1_1' title="bbox 326 693 1140 776; baseline 0.011 -18"><span class='ocrx_word' id='word_1_1' title='bbox 326 693 387 776; x_wconf 87' lang='lat'><strong>156</strong></span> <span class='ocrx_word' id='word_1_2' title='bbox 608 698 688 762; x_wconf 77' lang='lat' dir='ltr'><strong>Tun</strong></span> <span class='ocrx_word' id='word_1_3' title='bbox 713 698 869 764; x_wconf 77' lang='lat' dir='ltr'><strong>Incriur</strong></span> <span class='ocrx_word' id='word_1_4' title='bbox 893 700 1140 768; x_wconf 75' lang='lat' dir='ltr'><strong>Manuscnrrr.</strong></span> 
     </span>
    </p>
   </div>
   <div class='ocr_carea' id='block_1_2' title="bbox 325 875 1431 968">
    <p class='ocr_par' dir='ltr' id='par_1_2' title="bbox 325 875 1431 968">
     <span class='ocr_line' id='line_1_2' title="bbox 325 875 1431 968; baseline 0.013 -31"><span class='ocrx_word' id='word_1_5' title='bbox 325 875 488 958; x_wconf 80' lang='lat' dir='ltr'><strong>(stallum)</strong></span> <span class='ocrx_word' id='word_1_6' title='bbox 516 875 550 940; x_wconf 88' lang='lat' dir='ltr'><strong>in</strong></span> <span class='ocrx_word' id='word_1_7' title='bbox 575 877 678 941; x_wconf 92' lang='lat' dir='ltr'><strong>choro</strong></span> <span class='ocrx_word' id='word_1_8' title='bbox 703 885 737 942; x_wconf 90' lang='lat' dir='ltr'><strong>et</strong></span> <span class='ocrx_word' id='word_1_9' title='bbox 762 879 875 944; x_wconf 91' lang='lat' dir='ltr'><strong>locum</strong></span> <span class='ocrx_word' id='word_1_10' title='bbox 900 882 935 944; x_wconf 93' lang='lat' dir='ltr'><strong>in</strong></span> <span class='ocrx_word' id='word_1_11' title='bbox 959 880 1118 965; x_wconf 87' lang='lat' dir='ltr'><strong>Capitulo</strong></span> <span class='ocrx_word' id='word_1_12' title='bbox 1143 882 1233 947; x_wconf 89' lang='lat' dir='ltr'><strong>dicte</strong></span> <span class='ocrx_word' id='word_1_13' title='bbox 1258 886 1431 968; x_wconf 91' lang='lat' dir='ltr'><strong>prebende</strong></span> 
     </span>
    </p>
   </div>
   <div class='ocr_carea' id='block_1_3' title="bbox 320 984 1430 1783">
    <p class='ocr_par' dir='ltr' id='par_1_3' title="bbox 320 984 1430 1783">
     <span class='ocr_line' id='line_1_3' title="bbox 322 984 1430 1071; baseline 0.008 -24"><span class='ocrx_word' id='word_1_14' title='bbox 322 984 541 1067; x_wconf 81' lang='lat' dir='ltr'>pertinentia,</span> <span class='ocrx_word' id='word_1_15' title='bbox 582 985 782 1069; x_wconf 91' lang='lat' dir='ltr'><strong>dictumque</strong></span> <span class='ocrx_word' id='word_1_16' title='bbox 823 985 992 1050; x_wconf 91' lang='lat' dir='ltr'><strong>Thomam</strong></span> <span class='ocrx_word' id='word_1_17' title='bbox 1032 994 1288 1071; x_wconf 87' lang='lat' dir='ltr'><strong>procuratorem</strong></span> <span class='ocrx_word' id='word_1_18' title='bbox 1328 996 1430 1056; x_wconf 93' lang='lat' dir='ltr'><strong>tuum</strong></span> 
     </span>
     <span class='ocr_line' id='line_1_4' title="bbox 322 1089 1430 1177; baseline 0.008 -26"><span class='ocrx_word' id='word_1_19' title='bbox 322 1089 459 1152; x_wconf 90' lang='lat' dir='ltr'><strong>nomine</strong></span> <span class='ocrx_word' id='word_1_20' title='bbox 478 1096 539 1153; x_wconf 91' lang='lat' dir='ltr'><strong>tuo</strong></span> <span class='ocrx_word' id='word_1_21' title='bbox 558 1089 820 1173; x_wconf 87' lang='lat' dir='ltr'><strong>incorporalem</strong></span> <span class='ocrx_word' id='word_1_22' title='bbox 842 1090 1112 1174; x_wconf 80' lang='lat' dir='ltr'><strong>(possessionem)</strong></span> <span class='ocrx_word' id='word_1_23' title='bbox 1134 1092 1239 1176; x_wconf 92' lang='lat' dir='ltr'><strong>ipsius</strong></span> <span class='ocrx_word' id='word_1_24' title='bbox 1257 1095 1430 1177; x_wconf 86' lang='lat' dir='ltr'><strong>prebende</strong></span> 
     </span>
     <span class='ocr_line' id='line_1_5' title="bbox 322 1193 1430 1276; baseline 0.005 -20"><span class='ocrx_word' id='word_1_25' title='bbox 322 1213 382 1276; x_wconf 84' lang='lat' dir='ltr'><strong>per</strong></span> <span class='ocrx_word' id='word_1_26' title='bbox 414 1194 509 1257; x_wconf 90' lang='lat' dir='ltr'><strong>d’nm</strong></span> <span class='ocrx_word' id='word_1_27' title='bbox 543 1194 680 1276; x_wconf 91' lang='lat' dir='ltr'><strong>Joh&#39;em</strong></span> <span class='ocrx_word' id='word_1_28' title='bbox 715 1193 851 1257; x_wconf 90' lang='lat' dir='ltr'><strong>Rednes</strong></span> <span class='ocrx_word' id='word_1_29' title='bbox 884 1194 1209 1260; x_wconf 88' lang='lat' dir='ltr'><strong>Subthesaurarium</strong></span> <span class='ocrx_word' id='word_1_30' title='bbox 1242 1198 1320 1262; x_wconf 91' lang='lat' dir='ltr'><strong>eccl.</strong></span> <span class='ocrx_word' id='word_1_31' title='bbox 1356 1198 1430 1262; x_wconf 89' lang='lat' dir='ltr'><strong>n&#39;re</strong></span> 
     </span>
     <span class='ocr_line' id='line_1_6' title="bbox 322 1297 1430 1385; baseline 0.004 -25"><span class='ocrx_word' id='word_1_32' title='bbox 322 1297 488 1362; x_wconf 87' lang='lat' dir='ltr'><strong>installari</strong></span> <span class='ocrx_word' id='word_1_33' title='bbox 501 1305 536 1361; x_wconf 90' lang='lat' dir='ltr'><strong>et</strong></span> <span class='ocrx_word' id='word_1_34' title='bbox 550 1298 665 1363; x_wconf 90' lang='lat' dir='ltr'><strong>induci</strong></span> <span class='ocrx_word' id='word_1_35' title='bbox 679 1298 831 1373; x_wconf 73' lang='lat' dir='ltr'><strong>fecimus</strong></span> <span class='ocrx_word' id='word_1_36' title='bbox 845 1319 924 1362; x_wconf 92' lang='lat' dir='ltr'><strong>cum</strong></span> <span class='ocrx_word' id='word_1_37' title='bbox 937 1300 1007 1363; x_wconf 89' lang='lat' dir='ltr'><strong>suis</strong></span> <span class='ocrx_word' id='word_1_38' title='bbox 1020 1300 1150 1364; x_wconf 87' lang='lat' dir='ltr'><strong>iuribus</strong></span> <span class='ocrx_word' id='word_1_39' title='bbox 1164 1305 1198 1364; x_wconf 89' lang='lat' dir='ltr'><strong>et</strong></span> <span class='ocrx_word' id='word_1_40' title='bbox 1211 1301 1430 1385; x_wconf 85' lang='lat' dir='ltr'><strong>pertinenciis</strong></span> 
     </span>
     <span class='ocr_line' id='line_1_7' title="bbox 323 1402 1429 1490; baseline 0.005 -25"><span class='ocrx_word' id='word_1_41' title='bbox 323 1402 511 1483; x_wconf 75' lang='lat' dir='ltr'><strong>(uniuersis</strong></span> <span class='ocrx_word' id='word_1_42' title='bbox 570 1404 610 1467; x_wconf 92' lang='lat' dir='ltr'><strong>In</strong></span> <span class='ocrx_word' id='word_1_43' title='bbox 643 1403 749 1485; x_wconf 91' lang='lat' dir='ltr'><strong>cuius)</strong></span> <span class='ocrx_word' id='word_1_44' title='bbox 786 1403 832 1466; x_wconf 90' lang='lat' dir='ltr'><strong>rei</strong></span> <span class='ocrx_word' id='word_1_45' title='bbox 866 1404 1102 1468; x_wconf 86' lang='lat' dir='ltr'><strong>testimonium</strong></span> <span class='ocrx_word' id='word_1_46' title='bbox 1134 1405 1282 1490; x_wconf 84' lang='lat' dir='ltr'><strong>sigillum</strong></span> <span class='ocrx_word' id='word_1_47' title='bbox 1314 1406 1429 1471; x_wconf 87' lang='lat' dir='ltr'><strong>n’rum</strong></span> 
     </span>
     <span class='ocr_line' id='line_1_8' title="bbox 321 1508 1429 1593; baseline 0.005 -23"><span class='ocrx_word' id='word_1_48' title='bbox 321 1508 535 1590; x_wconf 87' lang='lat' dir='ltr'><strong>presentibus</strong></span> <span class='ocrx_word' id='word_1_49' title='bbox 563 1513 614 1571; x_wconf 91' lang='lat' dir='ltr'><strong>est</strong></span> <span class='ocrx_word' id='word_1_50' title='bbox 643 1528 843 1591; x_wconf 87' lang='lat' dir='ltr'><strong>appensum.</strong></span> <span class='ocrx_word' id='word_1_51' title='bbox 892 1509 973 1574; x_wconf 92' lang='lat' dir='ltr'><strong>Dat.</strong></span> <span class='ocrx_word' id='word_1_52' title='bbox 1005 1509 1128 1593; x_wconf 89' lang='lat' dir='ltr'><strong>Ripon&#39;</strong></span> <span class='ocrx_word' id='word_1_53' title='bbox 1159 1510 1193 1574; x_wconf 93' lang='lat' dir='ltr'><strong>in</strong></span> <span class='ocrx_word' id='word_1_54' title='bbox 1222 1510 1325 1575; x_wconf 91' lang='lat' dir='ltr'><strong>domo</strong></span> <span class='ocrx_word' id='word_1_55' title='bbox 1354 1511 1429 1575; x_wconf 89' lang='lat' dir='ltr'><strong>n’ro</strong></span> 
     </span>
     <span class='ocr_line' id='line_1_9' title="bbox 320 1611 1426 1700; baseline 0.005 -25"><span class='ocrx_word' id='word_1_56' title='bbox 320 1611 519 1695; x_wconf 88' lang='lat' dir='ltr'><strong>Capitulari,</strong></span> <span class='ocrx_word' id='word_1_57' title='bbox 542 1613 704 1676; x_wconf 90' lang='lat' dir='ltr'><strong>vicesimo</strong></span> <span class='ocrx_word' id='word_1_58' title='bbox 725 1619 851 1697; x_wconf 89' lang='lat' dir='ltr'><strong>quarto</strong></span> <span class='ocrx_word' id='word_1_59' title='bbox 873 1614 927 1677; x_wconf 91' lang='lat' dir='ltr'><strong>die</strong></span> <span class='ocrx_word' id='word_1_60' title='bbox 948 1615 1088 1696; x_wconf 90' lang='lat' dir='ltr'><strong>me(nsis</strong></span> <span class='ocrx_word' id='word_1_61' title='bbox 1110 1615 1299 1700; x_wconf 88' lang='lat' dir='ltr'><strong>Februarij)</strong></span> <span class='ocrx_word' id='word_1_62' title='bbox 1323 1615 1426 1680; x_wconf 91' lang='lat' dir='ltr'><strong>Anno</strong></span> 
     </span>
     <span class='ocr_line' id='line_1_10' title="bbox 321 1716 854 1783; baseline 0.008 -4"><span class='ocrx_word' id='word_1_63' title='bbox 321 1716 401 1781; x_wconf 89' lang='lat' dir='ltr'><strong>D&#39;ni</strong></span> <span class='ocrx_word' id='word_1_64' title='bbox 421 1717 598 1781; x_wconf 89' lang='lat' dir='ltr'><strong>Millesimo</strong></span> <span class='ocrx_word' id='word_1_65' title='bbox 618 1732 735 1782; x_wconf 84' lang='lat' dir='ltr'><strong>cccc¹¹¹⁰</strong></span> <span class='ocrx_word' id='word_1_66' title='bbox 753 1738 854 1783; x_wconf 94' lang='lat' dir='ltr'><strong>non0.</strong></span> 
     </span>
    </p>
   </div>
   <div class='ocr_carea' id='block_1_4' title="bbox 323 1859 1427 2048">
    <p class='ocr_par' dir='ltr' id='par_1_4' title="bbox 323 1859 1427 2048">
     <span class='ocr_line' id='line_1_11' title="bbox 323 1859 1427 1942; baseline 0.003 -19"><span class='ocrx_word' id='word_1_67' title='bbox 323 1860 410 1942; x_wconf 77' lang='lat'>(229)</span> <span class='ocrx_word' id='word_1_68' title='bbox 442 1859 620 1924; x_wconf 86' lang='lat' dir='ltr'><strong>Aunrssro</strong></span> <span class='ocrx_word' id='word_1_69' title='bbox 649 1878 780 1924; x_wconf 82' lang='lat' dir='ltr'><strong>oonrur</strong></span> <span class='ocrx_word' id='word_1_70' title='bbox 812 1861 968 1926; x_wconf 77' lang='lat' dir='ltr'><strong>chnnor</strong></span> <span class='ocrx_word' id='word_1_71' title='bbox 999 1862 1179 1937; x_wconf 77' lang='lat' dir='ltr'><strong>Pnanrrs,</strong></span> <span class='ocrx_word' id='word_1_72' title='bbox 1210 1864 1427 1939; x_wconf 66' lang='lat' dir='ltr'><strong>Canariam,</strong></span> 
     </span>
     <span class='ocr_line' id='line_1_12' title="bbox 364 1964 979 2048; baseline 0.005 -21"><span class='ocrx_word' id='word_1_73' title='bbox 364 1982 413 2027; x_wconf 81' lang='lat' dir='ltr'><strong>An</strong></span> <span class='ocrx_word' id='word_1_74' title='bbox 435 1964 678 2047; x_wconf 78' lang='lat' dir='ltr'><strong>(Pnnssuuoan</strong></span> <span class='ocrx_word' id='word_1_75' title='bbox 700 1982 748 2028; x_wconf 77' lang='lat' dir='ltr'><strong>un</strong></span> <span class='ocrx_word' id='word_1_76' title='bbox 769 1965 979 2048; x_wconf 73' lang='lat' dir='ltr'><strong>Monimou).</strong></span> 
     </span>
    </p>
   </div>
   <div class='ocr_carea' id='block_1_5' title="bbox 143 2093 1428 3522">
    <p class='ocr_par' dir='ltr' id='par_1_5' title="bbox 143 2093 1428 2180">
     <span class='ocr_line' id='line_1_13' title="bbox 143 2093 1428 2180; baseline 0.002 -22"><span class='ocrx_word' id='word_1_77' title='bbox 143 2112 269 2158; x_wconf 51' lang='lat' dir='ltr'><strong>msam,</strong></span> <span class='ocrx_word' id='word_1_78' title='bbox 408 2095 586 2170; x_wconf 77' lang='lat' dir='ltr'><strong>HenricuS,</strong></span> <span class='ocrx_word' id='word_1_79' title='bbox 612 2100 679 2170; x_wconf 68' lang='lat' dir='ltr'><strong>etc„</strong></span> <span class='ocrx_word' id='word_1_80' title='bbox 705 2115 742 2158; x_wconf 81' lang='lat' dir='ltr'><strong>as</strong></span> <span class='ocrx_word' id='word_1_81' title='bbox 765 2093 803 2157; x_wconf 81' lang='lat' dir='ltr'><strong>in</strong></span> <span class='ocrx_word' id='word_1_82' title='bbox 827 2094 891 2159; x_wconf 92' lang='lat' dir='ltr'><strong>No.</strong></span> <span class='ocrx_word' id='word_1_83' title='bbox 918 2095 991 2161; x_wconf 84' lang='lat'>226.</span> <span class='ocrx_word' id='word_1_84' title='bbox 1047 2097 1136 2180; x_wconf 83' lang='lat' dir='ltr'><strong>Quia</strong></span> <span class='ocrx_word' id='word_1_85' title='bbox 1159 2118 1221 2161; x_wconf 91' lang='lat' dir='ltr'><strong>nos</strong></span> <span class='ocrx_word' id='word_1_86' title='bbox 1245 2096 1369 2161; x_wconf 92' lang='lat' dir='ltr'><strong>dilecto</strong></span> <span class='ocrx_word' id='word_1_87' title='bbox 1393 2096 1428 2161; x_wconf 92' lang='lat' dir='ltr'><strong>in</strong></span> 
     </span>
    </p>

    <p class='ocr_par' dir='ltr' id='par_1_6' title="bbox 145 2165 1428 3522">
     <span class='ocr_line' id='line_1_14' title="bbox 145 2165 1428 2285; baseline 0.001 -22"><span class='ocrx_word' id='word_1_88' title='bbox 145 2165 210 2214; x_wconf 80' lang='lat' dir='ltr'><strong>Feb.</strong></span> <span class='ocrx_word' id='word_1_89' title='bbox 230 2179 267 2226; x_wconf 75' lang='lat'><strong>¹9&#39;</strong></span> <span class='ocrx_word' id='word_1_90' title='bbox 321 2220 389 2283; x_wconf 87' lang='lat' dir='ltr'><strong>xpo</strong></span> <span class='ocrx_word' id='word_1_91' title='bbox 416 2199 485 2263; x_wconf 87' lang='lat' dir='ltr'><strong>filio</strong></span> <span class='ocrx_word' id='word_1_92' title='bbox 512 2199 651 2264; x_wconf 91' lang='lat' dir='ltr'><strong>domino</strong></span> <span class='ocrx_word' id='word_1_93' title='bbox 680 2199 828 2264; x_wconf 89' lang='lat' dir='ltr'><strong>Ricardo</strong></span> <span class='ocrx_word' id='word_1_94' title='bbox 856 2200 1012 2284; x_wconf 80' lang='lat' dir='ltr'><strong>Prentys,</strong></span> <span class='ocrx_word' id='word_1_95' title='bbox 1041 2202 1239 2285; x_wconf 73' lang='lat' dir='ltr'><strong>presbitero</strong></span> <span class='ocrx_word' id='word_1_96' title='bbox 1271 2201 1428 2284; x_wconf 87' lang='lat' dir='ltr'><strong>(Canoni-</strong></span> 
     </span>
     <span class='ocr_line' id='line_1_15' title="bbox 319 2303 1428 2389; baseline 0.001 -20"><span class='ocrx_word' id='word_1_97' title='bbox 319 2306 448 2387; x_wconf 91' lang='lat' dir='ltr'><strong>catum)</strong></span> <span class='ocrx_word' id='word_1_98' title='bbox 468 2304 546 2368; x_wconf 91' lang='grc'>0001.</span> <span class='ocrx_word' id='word_1_99' title='bbox 564 2305 635 2369; x_wconf 88' lang='lat' dir='ltr'><strong>n&#39;re</strong></span> <span class='ocrx_word' id='word_1_100' title='bbox 651 2303 835 2389; x_wconf 84' lang='lat' dir='ltr'><strong>Collegiate</strong></span> <span class='ocrx_word' id='word_1_101' title='bbox 853 2305 976 2388; x_wconf 90' lang='lat' dir='ltr'><strong>Ripon&#39;</strong></span> <span class='ocrx_word' id='word_1_102' title='bbox 994 2304 1146 2388; x_wconf 82' lang='lat' dir='ltr'><strong>predicte</strong></span> <span class='ocrx_word' id='word_1_103' title='bbox 1162 2311 1197 2369; x_wconf 90' lang='lat' dir='ltr'><strong>et</strong></span> <span class='ocrx_word' id='word_1_104' title='bbox 1214 2304 1428 2370; x_wconf 90' lang='lat' dir='ltr'><strong>Prebendam</strong></span> 
     </span>
     <span class='ocr_line' id='line_1_16' title="bbox 319 2410 1427 2496; baseline 0 -22"><span class='ocrx_word' id='word_1_105' title='bbox 319 2410 361 2474; x_wconf 91' lang='lat' dir='ltr'><strong>de</strong></span> <span class='ocrx_word' id='word_1_106' title='bbox 398 2410 565 2474; x_wconf 89' lang='lat' dir='ltr'><strong>Monkton</strong></span> <span class='ocrx_word' id='word_1_107' title='bbox 601 2411 635 2474; x_wconf 92' lang='lat' dir='ltr'><strong>in</strong></span> <span class='ocrx_word' id='word_1_108' title='bbox 671 2410 791 2474; x_wconf 85' lang='lat' dir='ltr'><strong>eadem</strong></span> <span class='ocrx_word' id='word_1_109' title='bbox 826 2430 887 2493; x_wconf 90' lang='lat' dir='ltr'><strong>per</strong></span> <span class='ocrx_word' id='word_1_110' title='bbox 922 2415 1068 2474; x_wconf 89' lang='lat' dir='ltr'><strong>mortem</strong></span> <span class='ocrx_word' id='word_1_111' title='bbox 1104 2410 1233 2474; x_wconf 93' lang='lat' dir='ltr'><strong>domini</strong></span> <span class='ocrx_word' id='word_1_112' title='bbox 1270 2410 1427 2496; x_wconf 86' lang='lat' dir='ltr'><strong>Hugonis</strong></span> 
     </span>
     <span class='ocr_line' id='line_1_17' title="bbox 319 2513 1427 2599; baseline 0.001 -22"><span class='ocrx_word' id='word_1_113' title='bbox 319 2514 536 2599; x_wconf 85' lang='lat' dir='ltr'><strong>Cotyngham</strong></span> <span class='ocrx_word' id='word_1_114' title='bbox 565 2514 677 2578; x_wconf 89' lang='lat' dir='ltr'><strong>vltimi</strong></span> <span class='ocrx_word' id='word_1_115' title='bbox 709 2513 894 2598; x_wconf 88' lang='lat' dir='ltr'><strong>(Canonici)</strong></span> <span class='ocrx_word' id='word_1_116' title='bbox 926 2519 961 2577; x_wconf 93' lang='lat' dir='ltr'><strong>et</strong></span> <span class='ocrx_word' id='word_1_117' title='bbox 990 2514 1208 2598; x_wconf 86' lang='lat' dir='ltr'><strong>Prebendarij</strong></span> <span class='ocrx_word' id='word_1_118' title='bbox 1240 2514 1427 2579; x_wconf 89' lang='lat' dir='ltr'><strong>eorundem</strong></span> 
     </span>
     <span class='ocr_line' id='line_1_18' title="bbox 319 2618 1427 2702; baseline 0 -20"><span class='ocrx_word' id='word_1_119' title='bbox 319 2624 494 2694; x_wconf 73' lang='lat' dir='ltr'><strong>vacantes</strong></span> <span class='ocrx_word' id='word_1_120' title='bbox 511 2625 546 2682; x_wconf 89' lang='lat' dir='ltr'><strong>et</strong></span> <span class='ocrx_word' id='word_1_121' title='bbox 562 2619 605 2682; x_wconf 91' lang='lat' dir='ltr'><strong>ad</strong></span> <span class='ocrx_word' id='word_1_122' title='bbox 622 2624 776 2682; x_wconf 89' lang='lat' dir='ltr'><strong>nostram</strong></span> <span class='ocrx_word' id='word_1_123' title='bbox 792 2618 1012 2682; x_wconf 87' lang='lat' dir='ltr'><strong>collacionem</strong></span> <span class='ocrx_word' id='word_1_124' title='bbox 1028 2618 1128 2702; x_wconf 92' lang='lat' dir='ltr'><strong>pleno</strong></span> <span class='ocrx_word' id='word_1_125' title='bbox 1144 2618 1215 2683; x_wconf 88' lang='lat' dir='ltr'><strong>iure</strong></span> <span class='ocrx_word' id='word_1_126' title='bbox 1230 2624 1427 2702; x_wconf 85' lang='lat' dir='ltr'><strong>spectantes</strong></span> 
     </span>
     <span class='ocr_line' id='line_1_19' title="bbox 319 2723 1426 2806; baseline -0.001 -18"><span class='ocrx_word' id='word_1_127' title='bbox 319 2724 527 2789; x_wconf 89' lang='lat' dir='ltr'><strong>contulimus</strong></span> <span class='ocrx_word' id='word_1_128' title='bbox 555 2723 684 2788; x_wconf 91' lang='lat' dir='ltr'><strong>intuitu</strong></span> <span class='ocrx_word' id='word_1_129' title='bbox 712 2723 877 2799; x_wconf 71' lang='lat' dir='ltr'><strong>caritatis</strong></span> <span class='ocrx_word' id='word_1_130' title='bbox 907 2729 941 2787; x_wconf 91' lang='lat' dir='ltr'><strong>et</strong></span> <span class='ocrx_word' id='word_1_131' title='bbox 969 2723 1082 2806; x_wconf 91' lang='lat' dir='ltr'><strong>ipsum</strong></span> <span class='ocrx_word' id='word_1_132' title='bbox 1110 2723 1320 2787; x_wconf 91' lang='lat' dir='ltr'><strong>Canonicum</strong></span> <span class='ocrx_word' id='word_1_133' title='bbox 1348 2723 1426 2787; x_wconf 91' lang='lat' dir='ltr'><strong>Pre-</strong></span> 
     </span>
     <span class='ocr_line' id='line_1_20' title="bbox 320 2827 1426 2913; baseline -0.003 -19"><span class='ocrx_word' id='word_1_134' title='bbox 320 2829 509 2894; x_wconf 89' lang='lat' dir='ltr'><strong>bendatum</strong></span> <span class='ocrx_word' id='word_1_135' title='bbox 545 2829 623 2893; x_wconf 92' lang='grc'>0001.</span> <span class='ocrx_word' id='word_1_136' title='bbox 661 2828 732 2892; x_wconf 90' lang='lat' dir='ltr'><strong>n&#39;re</strong></span> <span class='ocrx_word' id='word_1_137' title='bbox 768 2827 891 2913; x_wconf 86' lang='lat' dir='ltr'><strong>Colleg.</strong></span> <span class='ocrx_word' id='word_1_138' title='bbox 929 2827 1080 2912; x_wconf 91' lang='lat' dir='ltr'><strong>predicte</strong></span> <span class='ocrx_word' id='word_1_139' title='bbox 1115 2848 1175 2911; x_wconf 92' lang='lat' dir='ltr'><strong>per</strong></span> <span class='ocrx_word' id='word_1_140' title='bbox 1209 2828 1327 2892; x_wconf 88' lang='lat' dir='ltr'><strong>birreti</strong></span> <span class='ocrx_word' id='word_1_141' title='bbox 1362 2828 1426 2892; x_wconf 87' lang='lat' dir='ltr'><strong>n&#39;ri</strong></span> 
     </span>
     <span class='ocr_line' id='line_1_21' title="bbox 320 2931 1427 3016; baseline 0 -18"><span class='ocrx_word' id='word_1_142' title='bbox 320 2934 544 2999; x_wconf 83' lang='lat' dir='ltr'><strong>tradicionem</strong></span> <span class='ocrx_word' id='word_1_143' title='bbox 578 2933 781 2998; x_wconf 89' lang='lat' dir='ltr'><strong>inuestimus</strong></span> <span class='ocrx_word' id='word_1_144' title='bbox 813 2931 1066 3016; x_wconf 82' lang='lat' dir='ltr'><strong>presencialiter</strong></span> <span class='ocrx_word' id='word_1_145' title='bbox 1099 2931 1141 2995; x_wconf 92' lang='lat' dir='ltr'><strong>de</strong></span> <span class='ocrx_word' id='word_1_146' title='bbox 1174 2932 1312 3008; x_wconf 90' lang='lat' dir='ltr'><strong>eisdem,</strong></span> <span class='ocrx_word' id='word_1_147' title='bbox 1347 2953 1427 2998; x_wconf 94' lang='lat' dir='ltr'><strong>cum</strong></span> 
     </span>
     <span class='ocr_line' id='line_1_22' title="bbox 319 3036 1425 3123; baseline -0.003 -20"><span class='ocrx_word' id='word_1_148' title='bbox 319 3040 388 3105; x_wconf 94' lang='lat' dir='ltr'><strong>suis</strong></span> <span class='ocrx_word' id='word_1_149' title='bbox 414 3040 544 3105; x_wconf 92' lang='lat' dir='ltr'><strong>iuribus</strong></span> <span class='ocrx_word' id='word_1_150' title='bbox 564 3045 598 3103; x_wconf 90' lang='lat' dir='ltr'><strong>et</strong></span> <span class='ocrx_word' id='word_1_151' title='bbox 620 3037 742 3123; x_wconf 89' lang='lat' dir='ltr'><strong>pertin.</strong></span> <span class='ocrx_word' id='word_1_152' title='bbox 764 3036 940 3102; x_wconf 88' lang='lat' dir='ltr'><strong>vniuersis.</strong></span> <span class='ocrx_word' id='word_1_153' title='bbox 988 3036 1094 3100; x_wconf 91' lang='lat' dir='ltr'><strong>Vobis</strong></span> <span class='ocrx_word' id='word_1_154' title='bbox 1117 3036 1333 3112; x_wconf 73' lang='lat' dir='ltr'><strong>mandamus</strong></span> <span class='ocrx_word' id='word_1_155' title='bbox 1357 3041 1425 3112; x_wconf 70' lang='lat' dir='ltr'><strong>etc„</strong></span> 
     </span>
     <span class='ocr_line' id='line_1_23' title="bbox 319 3139 1426 3223; baseline -0.003 -16"><span class='ocrx_word' id='word_1_156' title='bbox 319 3165 356 3207; x_wconf 85' lang='lat' dir='ltr'><strong>as</strong></span> <span class='ocrx_word' id='word_1_157' title='bbox 391 3143 429 3207; x_wconf 76' lang='lat' dir='ltr'><strong>ia</strong></span> <span class='ocrx_word' id='word_1_158' title='bbox 460 3143 524 3208; x_wconf 87' lang='lat' dir='ltr'><strong>No.</strong></span> <span class='ocrx_word' id='word_1_159' title='bbox 558 3142 631 3208; x_wconf 86' lang='lat'><strong>226.</strong></span> <span class='ocrx_word' id='word_1_160' title='bbox 676 3143 756 3207; x_wconf 85' lang='lat' dir='ltr'><strong>Dat.</strong></span> <span class='ocrx_word' id='word_1_161' title='bbox 791 3139 945 3206; x_wconf 92' lang='lat' dir='ltr'><strong>London.</strong></span> <span class='ocrx_word' id='word_1_162' title='bbox 976 3141 1011 3204; x_wconf 92' lang='lat' dir='ltr'><strong>in</strong></span> <span class='ocrx_word' id='word_1_163' title='bbox 1039 3140 1191 3223; x_wconf 89' lang='lat' dir='ltr'><strong>hospicio</strong></span> <span class='ocrx_word' id='word_1_164' title='bbox 1221 3140 1296 3206; x_wconf 89' lang='lat' dir='ltr'><strong>n&#39;ro</strong></span> <span class='ocrx_word' id='word_1_165' title='bbox 1327 3140 1426 3204; x_wconf 88' lang='lat' dir='ltr'><strong>iuxta</strong></span> 
     </span>
     <span class='ocr_line' id='line_1_24' title="bbox 318 3244 1426 3328; baseline -0.004 -16"><span class='ocrx_word' id='word_1_166' title='bbox 318 3248 460 3313; x_wconf 90' lang='lat' dir='ltr'><strong>Westm.</strong></span> <span class='ocrx_word' id='word_1_167' title='bbox 482 3248 615 3313; x_wconf 89' lang='lat' dir='ltr'><strong>decimo</strong></span> <span class='ocrx_word' id='word_1_168' title='bbox 634 3269 725 3312; x_wconf 94' lang='lat' dir='ltr'><strong>nono</strong></span> <span class='ocrx_word' id='word_1_169' title='bbox 744 3248 798 3312; x_wconf 89' lang='lat' dir='ltr'><strong>die</strong></span> <span class='ocrx_word' id='word_1_170' title='bbox 818 3245 944 3311; x_wconf 89' lang='lat' dir='ltr'><strong>mensis</strong></span> <span class='ocrx_word' id='word_1_171' title='bbox 963 3244 1151 3328; x_wconf 86' lang='lat' dir='ltr'><strong>Februarij,</strong></span> <span class='ocrx_word' id='word_1_172' title='bbox 1169 3245 1270 3310; x_wconf 86' lang='lat' dir='ltr'><strong>Anno</strong></span> <span class='ocrx_word' id='word_1_173' title='bbox 1287 3245 1426 3309; x_wconf 90' lang='lat' dir='ltr'><strong>Domini</strong></span> 
     </span>
     <span class='ocr_line' id='line_1_25' title="bbox 319 3349 1426 3437; baseline -0.001 -22"><span class='ocrx_word' id='word_1_174' title='bbox 319 3352 496 3417; x_wconf 90' lang='lat' dir='ltr'><strong>Millesimo</strong></span> <span class='ocrx_word' id='word_1_175' title='bbox 521 3351 864 3437; x_wconf 79' lang='lat' dir='ltr'><strong>Quadringentesimo</strong></span> <span class='ocrx_word' id='word_1_176' title='bbox 888 3349 999 3425; x_wconf 93' lang='lat' dir='ltr'><strong>Non0,</strong></span> <span class='ocrx_word' id='word_1_177' title='bbox 1025 3355 1059 3413; x_wconf 91' lang='grc'><strong>01</strong></span> <span class='ocrx_word' id='word_1_178' title='bbox 1081 3349 1153 3413; x_wconf 83' lang='lat' dir='ltr'><strong>n&#39;re</strong></span> <span class='ocrx_word' id='word_1_179' title='bbox 1177 3349 1426 3415; x_wconf 87' lang='lat' dir='ltr'><strong>translacioniis</strong></span> 
     </span>
     <span class='ocr_line' id='line_1_26' title="bbox 318 3458 433 3522; baseline 0.017 -3"><span class='ocrx_word' id='word_1_180' title='bbox 318 3458 433 3522; x_wconf 90' lang='lat' dir='ltr'><strong>tercio.</strong></span> 
     </span>
    </p>
   </div>
   <div class='ocr_carea' id='block_1_6' title="bbox 317 3571 1425 3971">
    <p class='ocr_par' dir='ltr' id='par_1_7' title="bbox 317 3571 1425 3971">
     <span class='ocr_line' id='line_1_27' title="bbox 407 3571 1425 3655; baseline -0.003 -17"><span class='ocrx_word' id='word_1_181' title='bbox 407 3575 505 3639; x_wconf 85' lang='lat' dir='ltr'><strong>Istud</strong></span> <span class='ocrx_word' id='word_1_182' title='bbox 525 3575 730 3638; x_wconf 89' lang='lat' dir='ltr'><strong>mandatum</strong></span> <span class='ocrx_word' id='word_1_183' title='bbox 750 3573 816 3638; x_wconf 84' lang='lat' dir='ltr'><strong>luit</strong></span> <span class='ocrx_word' id='word_1_184' title='bbox 836 3577 1073 3655; x_wconf 90' lang='lat' dir='ltr'><strong>presentatum</strong></span> <span class='ocrx_word' id='word_1_185' title='bbox 1092 3571 1255 3635; x_wconf 86' lang='lat' dir='ltr'><strong>vicesimo</strong></span> <span class='ocrx_word' id='word_1_186' title='bbox 1275 3571 1425 3637; x_wconf 91' lang='lat' dir='ltr'><strong>secundo</strong></span> 
     </span>
     <span class='ocr_line' id='line_1_28' title="bbox 317 3675 1424 3762; baseline -0.004 -19"><span class='ocrx_word' id='word_1_187' title='bbox 317 3679 371 3743; x_wconf 89' lang='lat' dir='ltr'><strong>die</strong></span> <span class='ocrx_word' id='word_1_188' title='bbox 400 3680 525 3743; x_wconf 91' lang='lat' dir='ltr'><strong>mensis</strong></span> <span class='ocrx_word' id='word_1_189' title='bbox 555 3679 669 3762; x_wconf 86' lang='lat' dir='ltr'><strong>Marcij</strong></span> <span class='ocrx_word' id='word_1_190' title='bbox 702 3678 803 3742; x_wconf 84' lang='lat' dir='ltr'><strong>Anno</strong></span> <span class='ocrx_word' id='word_1_191' title='bbox 832 3675 971 3740; x_wconf 90' lang='lat' dir='ltr'><strong>Domini</strong></span> <span class='ocrx_word' id='word_1_192' title='bbox 1000 3675 1210 3758; x_wconf 71' lang='lat' dir='ltr'><strong>supradicto</strong></span> <span class='ocrx_word' id='word_1_193' title='bbox 1240 3681 1274 3739; x_wconf 89' lang='lat' dir='ltr'><strong>et</strong></span> <span class='ocrx_word' id='word_1_194' title='bbox 1304 3675 1424 3739; x_wconf 90' lang='lat' dir='ltr'><strong>eodem</strong></span> 
     </span>
     <span class='ocr_line' id='line_1_29' title="bbox 317 3779 1425 3867; baseline -0.005 -20"><span class='ocrx_word' id='word_1_195' title='bbox 317 3783 372 3847; x_wconf 90' lang='lat' dir='ltr'><strong>die</strong></span> <span class='ocrx_word' id='word_1_196' title='bbox 388 3784 454 3848; x_wconf 82' lang='lat' dir='ltr'><strong>fuit</strong></span> <span class='ocrx_word' id='word_1_197' title='bbox 471 3783 639 3848; x_wconf 89' lang='lat' dir='ltr'><strong>admissus</strong></span> <span class='ocrx_word' id='word_1_198' title='bbox 656 3803 716 3867; x_wconf 91' lang='lat' dir='ltr'><strong>per</strong></span> <span class='ocrx_word' id='word_1_199' title='bbox 731 3786 998 3866; x_wconf 89' lang='lat' dir='ltr'><strong>procuratorem,</strong></span> <span class='ocrx_word' id='word_1_200' title='bbox 1016 3799 1118 3862; x_wconf 90' lang='lat' dir='ltr'><strong>super</strong></span> <span class='ocrx_word' id='word_1_201' title='bbox 1133 3800 1203 3863; x_wconf 91' lang='lat' dir='ltr'><strong>qua</strong></span> <span class='ocrx_word' id='word_1_202' title='bbox 1219 3779 1425 3844; x_wconf 88' lang='lat' dir='ltr'><strong>admissione</strong></span> 
     </span>
     <span class='ocr_line' id='line_1_30' title="bbox 317 3883 1247 3971; baseline -0.002 -21"><span class='ocrx_word' id='word_1_203' title='bbox 317 3887 439 3952; x_wconf 90' lang='lat' dir='ltr'><strong>habuit</strong></span> <span class='ocrx_word' id='word_1_204' title='bbox 458 3887 591 3952; x_wconf 87' lang='lat' dir='ltr'><strong>litteras</strong></span> <span class='ocrx_word' id='word_1_205' title='bbox 609 3886 759 3971; x_wconf 85' lang='lat' dir='ltr'><strong>Capituli</strong></span> <span class='ocrx_word' id='word_1_206' title='bbox 778 3887 813 3950; x_wconf 94' lang='lat' dir='ltr'><strong>in</strong></span> <span class='ocrx_word' id='word_1_207' title='bbox 832 3885 943 3949; x_wconf 81' lang='lat' dir='ltr'><strong>forma</strong></span> <span class='ocrx_word' id='word_1_208' title='bbox 961 3889 1064 3967; x_wconf 92' lang='lat' dir='ltr'><strong>prout</strong></span> <span class='ocrx_word' id='word_1_209' title='bbox 1083 3883 1247 3968; x_wconf 88' lang='lat' dir='ltr'><strong>sequitur.</strong></span> 
     </span>
    </p>
   </div>
   <div class='ocr_carea' id='block_1_7' title="bbox 106 4027 1425 4869">
    <p class='ocr_par' dir='ltr' id='par_1_8' title="bbox 799 4027 900 4109">
     <span class='ocr_line' id='line_1_31' title="bbox 799 4027 900 4109; baseline -0.02 0"><span class='ocrx_word' id='word_1_210' title='bbox 799 4027 900 4109; x_wconf 84' lang='lat' dir='ltr'><strong>(230l·</strong></span> 
     </span>
    </p>

    <p class='ocr_par' dir='ltr' id='par_1_9' title="bbox 406 4154 1425 4239">
     <span class='ocr_line' id='line_1_32' title="bbox 406 4154 1425 4239; baseline -0.004 -16"><span class='ocrx_word' id='word_1_211' title='bbox 406 4160 463 4224; x_wconf 89' lang='lat' dir='ltr'><strong>Ca.</strong></span> <span class='ocrx_word' id='word_1_212' title='bbox 494 4159 572 4223; x_wconf 91' lang='lat' dir='ltr'><strong>eccl.</strong></span> <span class='ocrx_word' id='word_1_213' title='bbox 603 4158 676 4222; x_wconf 93' lang='lat' dir='ltr'><strong>coll.</strong></span> <span class='ocrx_word' id='word_1_214' title='bbox 708 4158 739 4221; x_wconf 92' lang='lat' dir='ltr'><strong>b.</strong></span> <span class='ocrx_word' id='word_1_215' title='bbox 770 4156 822 4220; x_wconf 93' lang='lat' dir='ltr'><strong>W.</strong></span> <span class='ocrx_word' id='word_1_216' title='bbox 855 4155 932 4239; x_wconf 91' lang='lat' dir='ltr'><strong>Rip.</strong></span> <span class='ocrx_word' id='word_1_217' title='bbox 963 4154 1154 4218; x_wconf 90' lang='lat' dir='ltr'><strong>honorabili</strong></span> <span class='ocrx_word' id='word_1_218' title='bbox 1182 4155 1256 4218; x_wconf 90' lang='lat' dir='ltr'><strong>viro</strong></span> <span class='ocrx_word' id='word_1_219' title='bbox 1285 4155 1425 4219; x_wconf 89' lang='lat' dir='ltr'><strong>domino</strong></span> 
     </span>
    </p>

    <p class='ocr_par' dir='ltr' id='par_1_10' title="bbox 320 4258 1422 4346">
     <span class='ocr_line' id='line_1_33' title="bbox 320 4258 1422 4346; baseline -0.005 -16"><span class='ocrx_word' id='word_1_220' title='bbox 320 4266 467 4330; x_wconf 89' lang='lat' dir='ltr'><strong>Ricardo</strong></span> <span class='ocrx_word' id='word_1_221' title='bbox 487 4264 642 4346; x_wconf 91' lang='lat' dir='ltr'><strong>Prentys,</strong></span> <span class='ocrx_word' id='word_1_222' title='bbox 663 4261 857 4346; x_wconf 89' lang='lat' dir='ltr'><strong>Capellan0,</strong></span> <span class='ocrx_word' id='word_1_223' title='bbox 877 4281 924 4324; x_wconf 89' lang='lat' dir='ltr'><strong>sa.</strong></span> <span class='ocrx_word' id='word_1_224' title='bbox 945 4259 980 4323; x_wconf 93' lang='lat' dir='ltr'><strong>in</strong></span> <span class='ocrx_word' id='word_1_225' title='bbox 998 4259 1079 4323; x_wconf 92' lang='lat' dir='ltr'><strong>sinc.</strong></span> <span class='ocrx_word' id='word_1_226' title='bbox 1101 4259 1203 4343; x_wconf 87' lang='lat' dir='ltr'><strong>ampl.</strong></span> <span class='ocrx_word' id='word_1_227' title='bbox 1225 4258 1422 4324; x_wconf 87' lang='lat' dir='ltr'><strong>Saluatoris.</strong></span> 
     </span>
    </p>

    <p class='ocr_par' dir='ltr' id='par_1_11' title="bbox 317 4363 1424 4448">
     <span class='ocr_line' id='line_1_34' title="bbox 317 4363 1424 4448; baseline -0.007 -13"><span class='ocrx_word' id='word_1_228' title='bbox 317 4371 371 4435; x_wconf 85' lang='lat' dir='ltr'><strong>Ad</strong></span> <span class='ocrx_word' id='word_1_229' title='bbox 393 4369 641 4434; x_wconf 89' lang='lat' dir='ltr'><strong>Canonicatum</strong></span> <span class='ocrx_word' id='word_1_230' title='bbox 662 4367 740 4431; x_wconf 91' lang='grc'>0001.</span> <span class='ocrx_word' id='word_1_231' title='bbox 764 4366 835 4430; x_wconf 88' lang='lat' dir='ltr'><strong>n’re</strong></span> <span class='ocrx_word' id='word_1_232' title='bbox 858 4365 935 4448; x_wconf 91' lang='lat' dir='ltr'><strong>Rip.</strong></span> <span class='ocrx_word' id='word_1_233' title='bbox 959 4370 993 4428; x_wconf 91' lang='lat' dir='ltr'><strong>et</strong></span> <span class='ocrx_word' id='word_1_234' title='bbox 1016 4364 1112 4428; x_wconf 92' lang='lat' dir='ltr'><strong>Preb.</strong></span> <span class='ocrx_word' id='word_1_235' title='bbox 1136 4363 1178 4427; x_wconf 91' lang='lat' dir='ltr'><strong>de</strong></span> <span class='ocrx_word' id='word_1_236' title='bbox 1201 4365 1368 4429; x_wconf 89' lang='lat' dir='ltr'><strong>Monkton</strong></span> <span class='ocrx_word' id='word_1_237' title='bbox 1390 4364 1424 4428; x_wconf 92' lang='lat' dir='ltr'><strong>in</strong></span> 
     </span>
    </p>

    <p class='ocr_par' dir='ltr' id='par_1_12' title="bbox 316 4468 1423 4557">
     <span class='ocr_line' id='line_1_35' title="bbox 316 4468 1423 4557; baseline -0.006 -18"><span class='ocrx_word' id='word_1_238' title='bbox 316 4474 435 4539; x_wconf 89' lang='lat' dir='ltr'><strong>eadem</strong></span> <span class='ocrx_word' id='word_1_239' title='bbox 463 4493 523 4557; x_wconf 90' lang='lat' dir='ltr'><strong>per</strong></span> <span class='ocrx_word' id='word_1_240' title='bbox 549 4479 696 4536; x_wconf 92' lang='lat' dir='ltr'><strong>mortem</strong></span> <span class='ocrx_word' id='word_1_241' title='bbox 723 4470 853 4535; x_wconf 94' lang='lat' dir='ltr'><strong>domini</strong></span> <span class='ocrx_word' id='word_1_242' title='bbox 881 4469 1038 4553; x_wconf 85' lang='lat' dir='ltr'><strong>Hugonis</strong></span> <span class='ocrx_word' id='word_1_243' title='bbox 1065 4468 1283 4554; x_wconf 85' lang='lat' dir='ltr'><strong>Cotyngham</strong></span> <span class='ocrx_word' id='word_1_244' title='bbox 1310 4469 1423 4533; x_wconf 88' lang='lat' dir='ltr'><strong>vltimi</strong></span> 
     </span>
    </p>

    <p class='ocr_par' dir='ltr' id='par_1_13' title="bbox 315 4573 1424 4764">
     <span class='ocr_line' id='line_1_36' title="bbox 315 4573 1424 4657; baseline -0.004 -15"><span class='ocrx_word' id='word_1_245' title='bbox 315 4578 477 4642; x_wconf 86' lang='lat' dir='ltr'><strong>Canonici</strong></span> <span class='ocrx_word' id='word_1_246' title='bbox 500 4583 534 4640; x_wconf 90' lang='lat' dir='ltr'><strong>et</strong></span> <span class='ocrx_word' id='word_1_247' title='bbox 558 4577 654 4640; x_wconf 91' lang='lat' dir='ltr'><strong>Preb.</strong></span> <span class='ocrx_word' id='word_1_248' title='bbox 680 4574 865 4639; x_wconf 91' lang='lat' dir='ltr'><strong>eorundem</strong></span> <span class='ocrx_word' id='word_1_249' title='bbox 888 4579 1063 4648; x_wconf 80' lang='lat' dir='ltr'><strong>vacantes,</strong></span> <span class='ocrx_word' id='word_1_250' title='bbox 1087 4580 1122 4636; x_wconf 91' lang='lat' dir='ltr'><strong>et</strong></span> <span class='ocrx_word' id='word_1_251' title='bbox 1146 4573 1209 4637; x_wconf 89' lang='lat' dir='ltr'><strong>tibi</strong></span> <span class='ocrx_word' id='word_1_252' title='bbox 1232 4594 1292 4657; x_wconf 92' lang='lat' dir='ltr'><strong>per</strong></span> <span class='ocrx_word' id='word_1_253' title='bbox 1314 4594 1424 4638; x_wconf 90' lang='lat' dir='ltr'><strong>reuer-</strong></span> 
     </span>
     <span class='ocr_line' id='line_1_37' title="bbox 315 4677 1424 4764; baseline -0.005 -17"><span class='ocrx_word' id='word_1_254' title='bbox 315 4683 536 4747; x_wconf 90' lang='lat' dir='ltr'><strong>endissimum</strong></span> <span class='ocrx_word' id='word_1_255' title='bbox 563 4681 597 4744; x_wconf 92' lang='lat' dir='ltr'><strong>in</strong></span> <span class='ocrx_word' id='word_1_256' title='bbox 623 4701 692 4764; x_wconf 90' lang='lat' dir='ltr'><strong>xpo</strong></span> <span class='ocrx_word' id='word_1_257' title='bbox 718 4684 852 4762; x_wconf 89' lang='lat' dir='ltr'><strong>patrem</strong></span> <span class='ocrx_word' id='word_1_258' title='bbox 878 4684 913 4742; x_wconf 92' lang='lat' dir='ltr'><strong>et</strong></span> <span class='ocrx_word' id='word_1_259' title='bbox 939 4677 1118 4741; x_wconf 92' lang='lat' dir='ltr'><strong>dominum</strong></span> <span class='ocrx_word' id='word_1_260' title='bbox 1144 4683 1301 4743; x_wconf 88' lang='lat' dir='ltr'><strong>nostrum</strong></span> <span class='ocrx_word' id='word_1_261' title='bbox 1327 4678 1424 4742; x_wconf 92' lang='lat' dir='ltr'><strong>d&#39;nm</strong></span> 
     </span>
    </p>

    <p class='ocr_par' dir='ltr' id='par_1_14' title="bbox 106 4782 1421 4869">
     <span class='ocr_line' id='line_1_38' title="bbox 106 4782 1421 4869; baseline 0.002 -25"><span class='ocrx_word' id='word_1_262' title='bbox 106 4795 171 4860; x_wconf 73' lang='lat' dir='ltr'><strong>abp.</strong></span> <span class='ocrx_word' id='word_1_263' title='bbox 194 4796 299 4845; x_wconf 84' lang='lat' dir='ltr'><strong>Bowet.</strong></span> <span class='ocrx_word' id='word_1_264' title='bbox 315 4787 502 4851; x_wconf 89' lang='lat' dir='ltr'><strong>Henricum</strong></span> <span class='ocrx_word' id='word_1_265' title='bbox 525 4805 631 4869; x_wconf 87' lang='lat' dir='ltr'><strong>perm.</strong></span> <span class='ocrx_word' id='word_1_266' title='bbox 657 4785 726 4848; x_wconf 92' lang='lat' dir='ltr'><strong>div.</strong></span> <span class='ocrx_word' id='word_1_267' title='bbox 752 4784 856 4848; x_wconf 90' lang='lat' dir='ltr'><strong>Ebor.</strong></span> <span class='ocrx_word' id='word_1_268' title='bbox 881 4783 982 4847; x_wconf 89' lang='lat' dir='ltr'><strong>Arch.</strong></span> <span class='ocrx_word' id='word_1_269' title='bbox 1007 4782 1106 4868; x_wconf 87' lang='lat' dir='ltr'><strong>Angl.</strong></span> <span class='ocrx_word' id='word_1_270' title='bbox 1133 4783 1187 4848; x_wconf 90' lang='lat' dir='ltr'><strong>Pr.</strong></span> <span class='ocrx_word' id='word_1_271' title='bbox 1213 4789 1248 4847; x_wconf 89' lang='lat' dir='ltr'><strong>et</strong></span> <span class='ocrx_word' id='word_1_272' title='bbox 1271 4804 1326 4868; x_wconf 88' lang='lat' dir='ltr'><strong>ap.</strong></span> <span class='ocrx_word' id='word_1_273' title='bbox 1352 4783 1421 4848; x_wconf 90' lang='lat' dir='ltr'><strong>sed.</strong></span> 
     </span>
    </p>
   </div>
   <div class='ocr_carea' id='block_1_8' title="bbox 0 0 1700 5650">
    <p class='ocr_par' dir='ltr' id='par_1_15' title="bbox 0 0 1700 5650">
     <span class='ocr_line' id='line_1_39' title="bbox 0 0 1700 5650; baseline 0 2"><span class='ocrx_word' id='word_1_274' title='bbox 0 0 1700 5650; x_wconf 95' lang='lat' dir='ltr'><strong> </strong></span> 
     </span>
    </p>
   </div>
  </div>
 </body>
</html>
