3392 5650
569 700 666 763 Acrs
691 718 737 762 or
761 700 951 765 Chaerea.
1277 721 1308 763 11

299 875 336 937 ln
380 873 444 937 Dei
487 874 638 949 nomine,
674 873 799 937 Amen.
866 874 978 938 Vobis
1012 875 1201 938 reuerendo
1231 873 1339 979 d’nof
1362 868 1477 980 ΡΕἭῙΟΠ

209 972 380 1049 Will'mo‚
408 972 473 1037 Dei
499 973 618 1055 gracia
644 973 748 1037 Ebor.
777 972 975 1056 Archiep'O,
1004 974 1135 1057 Anglie
1161 973 1310 1055 primati,
1328 949 1466 1046 digai}

207 1072 358 1136 officium
392 1086 542 1136 vestrum
578 1072 798 1154 implorando
829 1073 1003 1156 supplicat
1027 1073 1225 1157 Collegium
1251 1063 1499 1177 seuffiffilffl¹⁰l³

207 1171 354 1236 societas
382 1172 567 1235 humilium
597 1171 747 1236 liliorum
777 1185 971 1236 vestrorum
1002 1172 1208 1237 vicariorum
1240 1193 1314 1254 per·
1433 1162 1439 1176 ’

209 1286 389 1355 petuorum
449 1272 531 1336 eccl.
593 1287 705 1335 vestre
765 1272 917 1356 Rypon’‚
975 1273 1140 1354 quatinus
1192 1293 1311 1336 eorum

209 1371 413 1454 paupertati,
446 1371 503 1454 pio
532 1385 675 1454 paterno
707 1372 964 1454 compacientes
995 1371 1130 1448 affectu,
1167 1372 1312 1435 vicarias

207 1492 268 1535 seu
292 1470 474 1553 porciones
498 1493 580 1535 suas
605 1470 638 1533 in
664 1470 817 1555 singulis
841 1492 901 1535 sex
928 1472 1051 1534 marcis
1074 1471 1202 1535 annuis
1228 1471 1313 1553 ipsis

206 1570 359 1654 singulis
390 1569 571 1633 dumtaxat
601 1570 781 1634 soluendis
809 1570 1050 1645 consistentes,
1077 1592 1145 1652 que
1175 1583 1314 1653 propter

206 1691 312 1733 onera
350 1669 478 1734 eisdem
516 1669 759 1734 incumbeneia
789 1670 832 1733 ad
865 1671 1157 1734 sustentacionem
1191 1692 1310 1733 eorum

206 1790 399 1851 congruam
431 1790 499 1832 non
532 1768 710 1832 sufficiunt
741 1791 808 1851 que
839 1770 890 1833 eis
923 1769 956 1831 in
989 1769 1120 1833 diuinis
1148 1769 1312 1833 continue
1360 1798 1495 1846 'silem

207 1868 446 1932 laborantibus
462 1869 653 1932 secundum
674 1868 757 1932 iuris
773 1868 991 1952 exigenciam
1017 1868 1212 1945 debentur‚¹
1232 1890 1309 1932 curn
1326 1864 1478 1976 ¹¹¹³t¹⁴¹5⁵stil²ss

206 1989 246 2031 os
278 1968 379 2032 bouis
411 1968 511 2051 ligari
547 1989 614 2032 non
644 1968 767 2031 debeat
798 1968 1001 2037 triturantis.
1033 1981 1066 2031 et
1096 1969 1154 2050 qui
1188 1968 1311 2032 altario
1326 1944 1367 2041 iiii
1380 1940 1518 2041 {iignum

206 2068 313 2131 seruit
340 2068 458 2131 viuere
485 2067 608 2131 debeat
633 2068 675 2131 de
702 2067 812 2141 altari,
840 2067 957 2149 etqui
986 2068 1028 2131 ad
1057 2088 1147 2131 onus
1171 2067 1499 2151 eligitur⁸¹¹⁵¹⁶¹¹²¹¹¹⁰⁰·

208 2167 324 2249 repelli
356 2188 423 2231 non
449 2167 574 2231 debeat
595 2189 616 2230 a
641 2167 806 2231 mercede.
858 2167 983 2231 Velitis
1007 2167 1159 2231 caritatis
1185 2167 1310 2230 intuitu

207 2286 268 2348 pro
316 2266 419 2331 modo
466 2280 499 2330 et
540 2266 732 2349 quantitate
777 2265 950 2330 fructuum
998 2282 1031 2330 et
1077 2279 1308 2349 prouentuum

206 2365 451 2430 beneficiorum
482 2366 610 2448 quibus
638 2366 850 2443 deseruiunt‚
878 2366 936 2448 qui
965 2367 1098 2430 notorie
1122 2366 1206 2430 satis
1230 2380 1312 2430 sunt

206 2466 358 2550 pingues
370 2479 403 2529 et
414 2465 552 2542 fertiles,
568 2479 808 2550 augmentare,
824 2478 858 2529 et
870 2465 1000 2529 eisdem
1016 2466 1309 2530 sustentacionem

204 2586 396 2650 congruam
419 2579 520 2648 prout
545 2565 609 2628 iuri
634 2564 799 2629 conuenit
823 2564 984 2629 ordinare
1009 2578 1042 2628 et
1065 2564 1175 2629 facere
1199 2565 1312 2648 assig-

206 2665 290 2728 nari.
365 2665 409 2728 Et
438 2665 481 2728 ad
518 2665 719 2729 huiusmodi
752 2664 1081 2749 augmentacionem
1115 2664 1311 2749 graciosius

204 2764 396 2829 faciendam
412 2786 475 2830 vos
491 2777 655 2829 moueant
667 2764 695 2829 si
712 2765 823 2848 placet
836 2785 941 2829 cause
954 2777 986 2828 et
1001 2764 1156 2829 raciones
1168 2763 1310 2829 inferius

203 2877 378 2929 annotate.

293 3004 331 3065 ln
370 3002 502 3084 primis,
541 3002 634 3083 quod
666 3023 748 3064 cura
781 3002 1071 3084 parochianorum
1104 3002 1193 3066 dicte
1225 3004 1306 3067 eccl.
1358 3005 1440 3080 'ljnen-

206 3101 347 3185 Rypon'
366 3122 426 3183 per
451 3101 633 3184 parochias
650 3114 682 3164 et
700 3101 862 3185 regiones
880 3101 1133 3183 prebendarum
1152 3101 1311 3167 domino-
1324 3070 1508 3183 Hig¹flil¹sslie¹⁵

205 3222 278 3264 rum
311 3222 453 3264 suorum
487 3201 601 3264 diuisa
631 3200 663 3262 in
694 3201 767 3264 suis
796 3201 1000 3285 regionibus
1028 3201 1151 3265 diuisis
1177 3201 1307 3266 eisdem
1324 3202 1472 3258 seuuemo,

204 3300 341 3364 vicariis
379 3301 532 3384 singulis
567 3314 619 3364 est
649 3300 848 3376 commissa,
884 3321 1030 3382 quarum
1066 3300 1307 3383 parochiarum

202 3400 321 3482 aliqua
355 3401 428 3464 loca
461 3421 521 3483 per
548 3421 672 3464 nouem
705 3399 866 3463 milliaria
893 3422 913 3462 a
942 3399 1024 3462 villa
1058 3399 1199 3484 Rypon’
1229 3414 1311 3465 sunt

202 3500 383 3577 distancia,
425 3521 492 3582 que
530 3500 573 3563 ad
615 3500 719 3582 pedes
757 3501 912 3564 solemus
951 3512 983 3563 et
1023 3513 1059 3562 ut
1097 3499 1205 3563 famili
1248 3521 1309 3583 pro

203 3599 405 3664 visitacione
434 3599 651 3663 infirmorum
680 3614 713 3663 et
735 3599 814 3664 aliis
837 3600 928 3664 dicte
951 3621 1032 3663 cure
1057 3599 1309 3682 pertinentibus

203 3699 423 3764 excercendis
466 3700 605 3764 visitare
647 3699 766 3783 sepius
808 3700 1076 3781 compelluntur,
1122 3700 1215 3781 quod
1260 3700 1455 3783 in-anurney

205 3799 389 3863 honesturn
429 3813 462 3862 et
501 3799 664 3863 indecens
702 3813 754 3862 est
784 3799 1033 3875 sacerdotibus
1069 3820 1109 3864 eo
1141 3799 1233 3881 quod
1265 3799 1308 3863 ad
1324 3787 1486 3899 {lfflffss‘fffld

205 3899 446 3981 pertinendum
465 3913 498 3962 et
514 3898 779 3962 conducendum
798 3898 863 3962 sibi
882 3920 991 3980 equos
1008 3900 1061 3962 vel
1087 3898 1237 3963 famulos
1259 3921 1309 3964 ers
1324 3925 1458 3964 servants.

205 4020 273 4062 non
292 3998 469 4062 sufficiunt
486 3998 669 4081 porciones
685 4020 746 4062 sue
763 3998 944 4062 antediete.

293 4147 390 4223 ltem,
411 4145 503 4228 quod
523 4159 662 4228 propter
683 4167 773 4210 onus
793 4167 874 4209 cure
895 4146 1044 4228 predicte
1066 4146 1167 4209 iidem
1190 4146 1307 4210 vicarii
1356 4155 1494 4216 Tneyare

203 4246 395 4310 seeundum
414 4245 674 4309 ordinacionem
694 4246 727 4307 in
748 4246 823 4328 ipsa
843 4245 989 4309 ecelesia
1008 4244 1131 4309 factam
1156 4246 1309 4330 singulis
1323 4220 1506 4334 Zfflssfff'sstfhe

203 4346 334 4410 diuinis
350 4345 473 4410 officiis
492 4345 524 4408 in
543 4345 649 4409 choro
666 4345 820 4409 eiusdem
836 4345 980 4409 ecclesie
993 4345 1174 4410 celebratis
1187 4345 1309 4411 adesse
1326 4351 1422 4406 Divine
1435 4351 1500 4399 offi-

204 4459 371 4521 tenemur‚
403 4460 435 4509 et
461 4445 493 4507 in
519 4444 649 4508 eisdem
681 4445 908 4527 personaliter
936 4444 1141 4522 ministrare,
1171 4459 1310 4528 propter
1324 4431 1492 4530 ssfissb‘ssspffivb

203 4545 308 4627 quod,
354 4558 553 4609 occurrente
599 4545 773 4608 cotidiana
818 4545 1052 4628 occupacione
1098 4545 1187 4610 dicte
1229 4567 1309 4610 cure

203 4646 398 4708 animarum
416 4659 449 4709 et
465 4645 560 4708 chori
577 4644 717 4727 predicti
733 4645 882 4709 inuicem
897 4645 1194 4730 contingentibus
1214 4651 1248 4728 (6
1261 4649 1308 4730 v.)

210 4759 223 4763 ”
236 4760 239 4763 ’
250 4758 353 4846 Tus.
369 4759 450 4846 ias}
461 4759 602 4846 igniti-1
