3392 5650
578 693 672 759 Acis
696 711 741 758 or
764 693 943 761 Casuras.
1253 716 1313 781 191

209 877 359 940 Will'mo
373 875 508 940 Norton
522 874 557 938 xl
571 873 668 937 solid.
717 873 806 937 Item
821 874 895 959 lego
911 875 1040 940 Rob’to
1055 876 1168 960 Selby,
1184 877 1315 953 clerico,
1388 887 1476 936 Plate.

209 982 361 1065 quinque
379 1000 511 1044 marcas
529 984 563 1042 et
582 999 688 1042 vnam
707 979 839 1061 peciam
858 981 989 1064 argenti
1008 1002 1086 1045 cum
1105 982 1315 1065 cooperculo

209 1086 395 1149 formatam
424 1084 468 1149 ad
496 1082 639 1147 modum
668 1082 791 1158 calicis,
822 1084 1008 1148 habentem
1037 1106 1133 1149 arma
1161 1086 1196 1150 ln
1224 1107 1316 1151 sum-

208 1190 331 1254 mitate
373 1188 574 1273 cooperculi.
623 1187 713 1250 Item
755 1187 829 1272 lego
872 1188 964 1271 Joh’i
1008 1189 1122 1272 Jollan
1164 1191 1316 1275 quinque

207 1315 340 1359 marcas
357 1301 391 1358 et
407 1314 516 1357 vnum
532 1292 661 1355 lectum
677 1291 836 1356 videlicet
854 1292 1071 1357 Couerletum
1088 1315 1166 1358 cum
1184 1300 1314 1378 tapeto,
1350 1300 1502 1376 4Εεφιίτθε,

208 1405 242 1462 et
263 1398 356 1481 Joh’i
378 1398 613 1481 Wyttyngton
633 1395 810 1479 Armigero
830 1397 992 1461 seruIenti
1013 1418 1100 1473 meo,
1123 1399 1157 1462 xl
1178 1400 1313 1475 solidos,
1329 1367 1371 1414 ¹¹¹³
1390 1374 1526 1417 servants.

208 1509 242 1567 et
262 1503 412 1567 Will’mo
432 1500 595 1585 Hydwyn
614 1500 801 1584 Armigero,
822 1501 983 1565 seruienti
1003 1522 1090 1578 meo,
1111 1525 1158 1567 xx
1177 1504 1313 1580 solidos,

208 1614 243 1671 et
274 1608 412 1691 vtrique
443 1625 560 1669 eorum
591 1625 699 1668 vnum
730 1604 857 1668 lectum
888 1611 928 1669 vt
959 1626 1072 1689 supra.
1121 1607 1210 1671 Item
1240 1607 1315 1693 lego

209 1711 302 1794 Joh’i
320 1710 460 1794 Crosby,
479 1708 665 1774 camerario
683 1728 770 1784 me0‚
789 1715 929 1773 centum
947 1710 1072 1774 solidos
1089 1717 1124 1775 et
1141 1712 1315 1776 meliorem

208 1816 336 1880 lectum
368 1835 483 1879 meum
516 1834 595 1877 cum
627 1818 704 1877 toto
737 1820 918 1896 apparatu.
966 1815 1012 1878 Et
1045 1815 1175 1880 Thome
1208 1817 1316 1881 Bruer

206 1920 359 2004 quinque
391 1940 533 1983 marcas.
581 1918 627 1981 Et
660 1917 790 1980 Thome
822 1918 954 2001 Fysche
986 1919 1139 2003 quinque
1171 1940 1313 1986 marcas.

208 2025 254 2089 Et
267 2024 396 2089 Simoni
409 2044 491 2087 coco
502 2023 537 2086 xl
549 2021 684 2086 solidos.
732 2022 779 2086 Et
791 2021 858 2086 ista
870 2043 951 2086 vero
963 2022 1077 2108 legata
1088 2024 1315 2089 seruientibus
1354 2040 1447 2089 simon
1462 2042 1503 2090 his

206 2129 290 2193 meis
306 2129 424 2193 relicta
440 2127 519 2192 volo
535 2133 575 2191 vt
592 2126 705 2190 locum
722 2127 874 2190 habeant
892 2134 926 2191 et
943 2128 1095 2212 vigorem
1111 2129 1315 2194 dumtamen
1388 2108 1465 2156 ⁰⁰⁰¹*

205 2233 365 2298 steterint
389 2234 423 2297 in
449 2230 623 2315 obsequijs
648 2230 682 2294 in
708 2231 880 2315 exsequijs
905 2238 1059 2316 tempore
1083 2234 1203 2297 mortis
1228 2254 1312 2301 mee.

207 2339 296 2402 Item
317 2338 362 2401 do
382 2343 416 2401 et
437 2337 511 2420 lego
532 2335 725 2399 communie
746 2336 952 2400 vicariorum
973 2337 1110 2401 ecclesie
1131 2337 1314 2423 Collegiate
1357 2376 1453 2425 vicars
1470 2376 1499 2425 or

205 2444 305 2507 beate
338 2442 443 2506 Marie
475 2440 639 2505 Suthwell
670 2440 823 2524 quinque
855 2460 998 2516 marcas,
1031 2442 1081 2506 ita
1112 2447 1152 2506 vt
1184 2442 1313 2507 faciant
1349 2443 1507 2493 Southwen.

204 2568 329 2611 nomen
366 2565 481 2609 meum
517 2544 766 2608 inmatriculari
803 2551 837 2608 et
875 2546 1013 2609 inscribi
1049 2546 1139 2610 inter
1174 2548 1314 2612 nomina

204 2651 351 2715 fratrum
372 2657 406 2713 et
427 2669 581 2713 sororum
601 2648 693 2712 dicte
714 2649 852 2712 ecclesie
872 2655 906 2713 et
926 2650 962 2713 in
982 2650 1036 2713 die
1056 2650 1172 2715 obItus
1192 2652 1258 2715 mei
1278 2652 1313 2716 in

205 2754 364 2840 Capitulo
381 2753 521 2839 singulis
538 2752 637 2816 annis
653 2752 789 2836 puplice
805 2753 870 2838 legi
888 2759 922 2817 et
939 2753 1083 2818 recitari.
1133 2755 1222 2818 Item
1239 2756 1313 2841 lego

204 2860 405 2944 psalterium
428 2878 543 2922 meum
570 2858 621 2943 (69
640 2860 684 2938 v.)
707 2857 880 2941 glosatum
899 2879 978 2922 cum
997 2859 1091 2942 glosa
1111 2858 1312 2937 Cassiodon,
1371 2870 1483 2947 Notata

204 2971 243 3028 vt
267 2964 312 3027 sit
336 2964 561 3027 cathenatum
584 2982 700 3025 coram
724 2962 833 3025 stallis
857 2963 1108 3046 prebendarum
1132 2963 1174 3027 de
1198 2965 1313 3048 Thorp
1361 2938 1489 3063 ζῇζζῖἶξθ

203 3075 238 3132 et
264 3069 511 3151 Staynwygges
536 3066 571 3129 in
598 3065 692 3129 dicta
717 3066 857 3130 ecclesia
883 3066 925 3129 de
952 3066 1088 3151 Rypon'
1115 3067 1243 3132 ibidem
1268 3068 1312 3133 ad

203 3173 392 3237 vtilitatem
416 3171 651 3235 ministrorum
675 3170 812 3234 ecclesie
838 3190 900 3255 pro
924 3176 1091 3254 perpetuo
1115 3191 1313 3255 permansu-

204 3297 290 3340 rum.
339 3276 429 3339 Item
441 3275 515 3359 lego
531 3274 590 3337 vni
604 3273 787 3357 Capellano
800 3274 844 3337 ad
861 3273 1103 3339 celebrandum
1119 3296 1181 3360 pro
1198 3276 1313 3341 anima
1362 3284 1488 3360 cnantry

204 3401 281 3444 mea
302 3385 336 3443 et
358 3379 539 3443 animabus
561 3378 716 3442 omnium
738 3378 997 3443 benefactorum
1018 3399 1183 3456 meorum,
1204 3381 1312 3445 omni·
1325 3355 1528 3468 ceffss‘ssttset‘f'or

204 3504 331 3568 umque
351 3483 502 3547 fidelium
522 3483 764 3547 defunctorum
783 3503 844 3566 per
862 3504 970 3548 vnum
990 3502 1119 3548 annum
1141 3485 1312 3570 integrum
1361 3485 1403 3532 his
1416 3486 1484 3535 ⁸0111·

204 3588 390 3653 inmediate
415 3594 493 3671 post
519 3593 666 3651 mortem
691 3608 815 3662 meam,
838 3587 873 3651 in
899 3588 977 3652 eccl.
1001 3608 1078 3652 mea
1103 3589 1145 3652 de
1169 3589 1312 3654 Warton

204 3692 360 3777 predict,
402 3712 461 3756 sex
502 3711 644 3756 marcas
693 3691 783 3755 Item
823 3692 903 3756 volo
943 3692 1037 3777 quod
1078 3692 1154 3756 d’ns
1195 3693 1313 3776 Joh'es

205 3797 432 3881 Schyrbume‚
457 3796 654 3879 capellanus
675 3816 810 3860 mecum
832 3817 1059 3872 commorans,
1082 3797 1228 3861 celebret
1251 3819 1313 3882 pro

204 3902 320 3966 anima
344 3921 420 3964 mea
445 3907 479 3964 et
504 3900 685 3964 animabus
709 3900 863 3964 omnium
888 3906 1071 3985 parentum
1095 3907 1129 3965 et
1154 3902 1310 3966 benefac-

204 4013 319 4070 torum
357 4024 511 4068 meorum
549 4003 772 4087 omniumque
808 4004 961 4069 fidolium
998 4005 1240 4070 defunctorum
1277 4007 1312 4071 in

204 4109 356 4175 Ecclesia
382 4109 485 4173 Ebor.
513 4108 540 4171 si
566 4107 694 4171 ibidem
719 4128 773 4171 me
798 4109 885 4172 mori
910 4109 1102 4194 contigerit,
1129 4131 1189 4193 per
1213 4111 1312 4195 quin-

203 4214 391 4300 quennium
418 4233 515 4296 prox.
545 4219 623 4297 post
651 4219 798 4276 mortem
825 4233 948 4289 meam,
977 4213 1042 4277 nisi
1069 4234 1147 4278 eum
1174 4214 1311 4279 interim

203 4317 396 4404 promoueri
428 4315 620 4400 contigerit,
654 4316 871 4401 percipiendo
904 4317 1002 4381 annis
1034 4318 1173 4402 singulis
1205 4318 1311 4402 ipsius

203 4421 427 4508 quinquennij
447 4426 587 4485 centum
602 4419 727 4484 solidos
743 4421 880 4484 nomine
896 4421 1057 4506 stipendij
1075 4422 1127 4486 sui
1143 4423 1309 4489 annualis.

203 4529 249 4592 Et
268 4526 348 4591 volo
364 4531 399 4589 et
415 4525 535 4589 ordino
554 4524 648 4608 quod
668 4524 841 4612 Capellani
862 4525 1006 4608 predicti
1026 4546 1088 4610 pro
1105 4526 1220 4606 anima
1236 4548 1312 4592 mea

202 4639 242 4696 vt
264 4629 478 4715 premittitur
500 4628 582 4692 locis
606 4628 767 4711 predictis
792 4630 1006 4705 celebraturi,
1031 4629 1148 4695 dicant
1172 4631 1312 4716 singulis

202 4737 323 4804 diebus
347 4754 409 4821 pro
434 4733 550 4797 anima
574 4753 651 4798 mea
675 4739 709 4797 et
735 4734 917 4798 animabus
941 4734 1147 4819 supradictis
1171 4735 1311 4822 plenum
