3392 5650
673 587 946 653 Cnnrunnuu.

600 684 1026 750 Μ
1321 702 1362 768 47

258 862 325 944 (57)
345 862 539 926 Srnruruu
553 863 834 927 Ancnmprscopr
855 863 1054 945 (Tuusunu)
1075 880 1123 926 ou
1141 864 1362 927 Panormus.

343 1005 485 1070 Printed
513 1006 601 1069 from
630 1005 860 1090 Dambrough
889 1006 957 1070 Ms.
987 1007 1021 1070 in
1050 1006 1152 1070 Mem.
1182 1006 1305 1089 Ripon,
1337 1005 1363 1080 l,
1399 1012 1567 1060 1114·1140·

255 1128 329 1188 203.

258 1301 306 1382 (21
329 1303 376 1383 v.)
422 1301 488 1383 (58)
527 1302 666 1365 LirERA
695 1301 772 1365 o’m
804 1302 1085 1365 Ancnmprscon
1124 1300 1279 1383 (Rodum
1316 1317 1364 1363 ou

299 1406 400 1469 Ponr
423 1385 624 1488 i’Evuouul
649 1423 696 1468 os
717 1422 887 1470 uacuum.

343 1548 485 1612 Printed
502 1548 590 1612 from
609 1548 838 1627 Dambrough
857 1547 925 1612 MS.
945 1548 980 1611 in
998 1547 1100 1612 Mem.
1120 1547 1243 1631 Ripon,
1264 1547 1290 1622 l,
1310 1564 1361 1629 97.
1399 1534 1563 1592 ¹¹54·¹¹81·

537 1740 602 1823 (59)
631 1739 756 1803 BULLA
782 1741 1086 1821 (ruouuouucm).1

342 1894 536 1958 Alexander
554 1895 744 1977 episcopus,
764 1914 883 1957 seruus
901 1914 1077 1957 seruorum
1097 1893 1171 1967 Dei,
1191 1894 1365 1958 Vniuersis
1380 1875 1540 1990 Poppaeana

254 1999 314 2081 xpi
348 1998 505 2062 fidelibus
540 2004 715 2081 presentes
749 1998 866 2062 literas
899 1998 1113 2081 inspecturis,
1149 1998 1296 2062 salutem
1331 2005 1365 2062 et
1387 2010 1539 2059 uncertain.

255 2103 479 2185 apostolicam
508 2103 796 2166 benediccionem.
845 2103 940 2165 Licet
970 2103 1004 2166 Is
1032 2103 1074 2166 de
1101 2103 1198 2167 cuius
1226 2124 1365 2167 munere

254 2208 349 2270 venit
387 2212 427 2271 ut
466 2208 531 2270 sibi
570 2228 590 2271 a
627 2206 785 2270 fidelibus
822 2207 892 2270 suis
930 2207 1031 2291 digne
1070 2228 1109 2270 ac
1147 2207 1366 2272 laudabiliter

254 2312 424 2375 seruiatur
466 2312 508 2375 de
550 2311 794 2375 habundancia
837 2312 977 2394 pietatis
1019 2332 1089 2386 sue,
1133 2332 1200 2395 que
1242 2313 1364 2377 merita

253 2416 445 2498 supplicum
464 2415 599 2478 excedit
616 2421 650 2478 et
667 2421 752 2479 vota
771 2416 1087 2480 beneseruientibus
1108 2416 1218 2480 multo
1234 2417 1365 2481 maiora

253 2520 422 2584 retribuat
455 2540 561 2603 quam
594 2519 710 2583 valeat
744 2520 938 2602 promereri,
973 2520 1213 2585 nichilominus
1247 2527 1363 2585 tamen

252 2624 429 2707 cupientes
457 2624 597 2687 reddere
626 2624 775 2687 Domino
804 2624 970 2707 populum
996 2625 1216 2707 acceptabile,
1248 2624 1364 2690 fideles

253 2728 324 2811 Xpi
362 2729 406 2792 ad
444 2728 729 2811 complacendum
768 2729 798 2791 ei
828 2728 928 2811 quasi
959 2729 1167 2812 quibusdam
1205 2730 1363 2794 illectivis

252 2834 390 2917 premiis
407 2832 628 2897 indulcenciis
646 2832 775 2896 scilicet
793 2839 827 2896 et
845 2834 1100 2898 remissionibus
1117 2835 1312 2899 inuitamus'
1322 2842 1362 2899 vt

253 2938 375 3002 exinde
417 2938 607 3001 reddantur
648 2937 763 3000 diuine
804 2938 915 3021 gracie
957 2939 1118 3021 apciores.
1178 2939 1361 3023 Cupientes

251 3043 369 3126 itaque
398 3048 438 3106 vt
467 3041 545 3104 eccl.
578 3041 703 3124 Ripon’
729 3041 832 3105 Ebor.
859 3036 962 3105 Deoc.
990 3043 1147 3127 congruis
1175 3045 1361 3108 honoribus

251 3146 500 3230 frequentetur,
524 3146 683 3209 omnibus
705 3166 784 3209 vere
805 3146 1041 3229 penitentibus
1063 3153 1097 3210 et
1118 3148 1280 3212 confessis
1301 3149 1361 3232 qui
1375 3117 1475 3235 olesi.
1499 3119 1575 3235 iffi]

251 3252 295 3315 ad
315 3251 491 3314 ecclesiam
511 3250 621 3333 ipsam
642 3250 676 3313 in
697 3250 814 3314 Sancti
834 3250 945 3332 Joh'is
965 3251 1122 3334 Apostoli
1143 3259 1177 3316 et
1197 3254 1361 3337 Ewange-
1375 3251 1428 3300 frid
1474 3253 1496 3302 is
1547 3254 1574 3303 11¹

249 3353 326 3419 liste
356 3356 390 3419 in
419 3355 515 3419 cuius
544 3361 595 3418 est
623 3360 822 3419 constructa
850 3356 1002 3419 honore²
1026 3377 1065 3420 ac
1085 3358 1178 3421 beati
1202 3358 1360 3434 Willridi,
1375 3319 1407 3366 th
1403 3320 1576 3449 grouphuzcsu

250 3461 347 3525 cuius
375 3480 499 3543 corpus
527 3459 562 3522 in
591 3460 711 3523 eadem
740 3459 881 3523 ecclesia
909 3466 1012 3543 prout
1042 3462 1204 3526 asseritur
1232 3469 1283 3526 est
1311 3485 1361 3527 re·
1375 3452 1502 3504 seritur.¹'

249 3565 440 3639 conditum,
466 3564 727 3639 festiuitatibus,
753 3584 886 3628 necnon
916 3570 950 3628 et
980 3566 1015 3628 in
1046 3566 1278 3632 anniuersario
1308 3569 1361 3632 die

249 3669 479 3734 dedicacionis
497 3668 649 3732 eiusdem
667 3668 804 3732 ecclesie
823 3689 928 3733 causa
945 3669 1141 3734 deuocionis
1160 3673 1362 3737 accesserint

249 3773 443 3847 annuatim,
462 3773 504 3836 de
521 3772 780 3855 Omnipotentis
799 3773 862 3836 Dei
880 3773 1113 3838 misericordia
1130 3781 1164 3838 et
1182 3776 1363 3842 beatorum

249 3878 343 3942 Petri
383 3884 425 3941 et,
459 3876 557 3940 Pauli
598 3876 833 3959 apostolorum
874 3878 946 3941 eius
986 3879 1194 3943 auctoritate
1233 3881 1362 3957 confisi,

249 3988 388 4046 centum
404 3980 477 4046 dies
492 3981 534 4044 de
550 3981 715 4044 iniunctis
730 3981 794 4044 sibi
811 3982 1013 4065 penitenciis
1028 3984 1231 4049 relaxamus.
1280 3985 1360 4052 Dat.

249 4086 420 4170 Anagnie,¹
435 4107 458 4148 v
478 4085 523 4149 kl.
545 4085 682 4168 Aprilis,
704 4084 931 4150 Pontificatus
950 4088 1059 4151 nostri
1079 4109 1169 4152 anno
1188 4096 1296 4154 sexto,

248 4297 297 4350 22.
558 4278 623 4361 (60)
651 4279 775 4343 Buten
802 4280 1049 4364 (o'urpnps).1

338 4421 564 4486 Innocencius
584 4420 690 4504 ep’us‚
708 4442 733 4486 s.
752 4442 777 4486 s
797 4422 871 4497 Dei,
895 4422 1028 4486 dilectis
1049 4423 1126 4488 filiis
1148 4425 1359 4504 Tesaurario,
1439 4444 1514 4494 1215.

250 4525 291 4591 R.
329 4527 586 4610 penitenciari0,
624 4532 658 4590 et
694 4526 745 4590 W.
783 4526 955 4591 Canonico
991 4528 1106 4604 Ebor.,
1143 4530 1289 4595 salutem
1325 4540 1360 4597 et
1376 4498 1574 4617 Iniggenliiu

319 4700 325 4722 ¹
347 4693 445 4756 Partly
458 4694 562 4743 erased.

316 4793 325 4812 ²
344 4785 434 4854 There
448 4800 566 4852 appears
579 4790 610 4834 to
624 4785 658 4833 be
671 4799 747 4833 some
762 4784 881 4834 mistake
895 4782 968 4834 here.
