3392 5650
282 742 323 805 50
555 722 639 785 Tua
666 722 820 786 luminu
847 722 1108 787 Mluoscmpr.

281 901 455 985 promocio
480 901 509 963 ei
533 901 738 984 peruenerit,
764 900 897 964 licitum
922 901 985 964 erit
1011 901 1040 963 ei
1066 905 1180 965 tenere
1205 905 1239 963 et
1264 900 1389 964 habere

281 1027 343 1090 pro
368 1026 431 1070 sua
456 1005 647 1069 voluntate.
697 1006 753 1068 lta
778 1004 872 1089 quod
898 1011 989 1068 terra
1015 1011 1049 1068 et
1076 1011 1273 1069 tenementa
1299 1005 1389 1069 dicte

281 1109 416 1194 Capelle
443 1110 654 1194 pertinencia
674 1110 708 1174 in
726 1110 812 1173 adeo
831 1111 923 1173 bono
950 1116 1045 1173 statu
1074 1110 1226 1174 dimittet
1253 1130 1323 1193 quo
1350 1130 1390 1172 ea

282 1215 409 1298 recepit
432 1215 486 1278 die
508 1202 670 1278 introitus
692 1214 754 1289 sui,
778 1214 833 1277 vel
855 1214 995 1278 meliori.
1044 1215 1085 1278 ln
1107 1214 1203 1278 cuius
1225 1215 1271 1278 rei
1295 1214 1390 1277 testi-

282 1320 436 1383 monium
470 1319 562 1402 parti
596 1339 699 1402 penes
737 1319 931 1402 predictum
969 1318 1030 1401 (23)
1069 1318 1163 1382 d'nm
1199 1317 1391 1383 Robertum

283 1424 473 1488 remanenti
497 1423 644 1507 sigillum
668 1422 818 1506 Capituli
841 1423 949 1486 nostri
974 1429 1025 1486 est
1050 1443 1262 1507 appensum;
1300 1424 1410 1506 parti.

282 1548 364 1591 vero
383 1548 487 1611 penes
508 1528 598 1592 d'cm
618 1526 817 1610 Capitulum
838 1528 1029 1591 remanenti
1049 1527 1196 1612 sigillum
1217 1527 1300 1592 dicti
1321 1528 1391 1591 d'ni

284 1632 428 1697 Roberti
441 1639 492 1696 est
506 1652 706 1716 appensum.
754 1632 835 1696 Dat.
852 1632 945 1715 apud
958 1632 1094 1716 Rypon'
1110 1632 1149 1696 x⁰
1161 1633 1206 1696 kl.
1222 1631 1390 1696 Nouemb.

283 1757 374 1801 anno
393 1736 473 1800 D'ni
492 1735 569 1798 ΜΠιο
586 1746 685 1800 cccm⁰
703 1736 802 1821 xijm0.

393 1866 458 1946 (65)
486 1867 727 1930 Raronnncro
751 1884 842 1930 inis
868 1883 916 1931 oa
940 1866 1105 1931 CAPELLA
1130 1884 1177 1930 nn
1202 1866 1285 1931 ΝΠ).

133 1995 208 2055 1178,
372 1984 587 2067 S(ylvanus)¹
619 1984 737 2047 Abbas
767 1984 991 2048 Rieuallensis
1019 1990 1053 2047 et
1078 1985 1241 2069 magister
1271 1985 1392 2048 Vacar’

105 2060 270 2199 ssffiggbot
285 2089 444 2153 omnibus
464 2090 526 2152 has
546 2088 661 2152 literas
681 2089 805 2152 visuris
825 2090 880 2151 vel
901 2089 1081 2163 audituris,
1102 2088 1259 2152 salutem.
1307 2087 1393 2153 Cum

93 2217 99 2265 f
132 2218 270 2266 Rievaulx
284 2194 516 2257 controuersia
533 2199 620 2256 esset
638 2193 727 2256 inter
742 2192 941 2275 Capitulum
959 2192 1024 2257 S’ci
1040 2191 1189 2256 Wilfridi
1206 2192 1247 2256 de
1266 2192 1391 2275 Ripon'

93 2285 271 2415 ystffiuessggtss
285 2303 319 2361 et
343 2298 533 2362 Walterum
558 2298 599 2361 de
624 2296 746 2361 Nouell
770 2297 940 2371 clericum,
966 2317 1068 2379 super
1091 2296 1221 2379 capella
1246 2296 1287 2361 de
1313 2296 1391 2372 Nid,

93 2419 258 2468 >arbitrata
285 2408 319 2465 et
346 2402 570 2485 receperimus
597 2402 712 2466 literas
739 2402 809 2465 d'ni
835 2422 925 2485 pape
951 2401 1049 2465 nobis
1076 2421 1117 2464 ex
1143 2406 1241 2484 parte
1267 2401 1393 2484 prefati

111 2495 113 2501 ’
285 2506 434 2589 Capituli
455 2513 630 2589 porrectas
650 2506 818 2590 paruitati
839 2512 955 2570 nostre
977 2492 1165 2589 apostolica
1187 2507 1394 2570 auctoritate

286 2612 502 2695 iniungentes
514 2611 608 2695 quod
620 2612 647 2674 si
659 2611 758 2675 nobis
770 2616 944 2674 constaret
956 2615 1186 2674 memoratum
1198 2607 1396 2693 Capitulum

285 2716 510 2799 prescriptam
534 2714 708 2799 Capellam
733 2716 934 2799 aliquandiu
957 2715 1139 2799 possidisse
1163 2721 1197 2779 et
1221 2716 1396 2798 prelatum

286 2820 337 2885 W.
364 2821 493 2904 absque
517 2841 656 2885 assensu
680 2821 786 2905 ipsius
801 2819 952 2904 Capituli
968 2827 1046 2904 post
1068 2820 1336 2905 appellacionem
1353 2821 1397 2885 ad

287 2926 501 2990 audienciam
533 2925 604 2989 d'ni
636 2947 725 3010 pape
757 2927 887 2990 laetam
918 2926 1062 2990 eandem
1094 2926 1282 3010 ingressum
1314 2946 1396 3002 esse,

286 3031 396 3114 ipsam
424 3051 502 3094 cum
530 3030 699 3095 fructibus
726 3031 804 3095 inde
831 3031 1001 3114 perceptis
1029 3030 1121 3094 dicto
1149 3030 1398 3095 restituerimus

286 3134 446 3218 Capitulo
463 3155 469 3209 ;
494 3141 611 3218 partes
627 3141 707 3219 post
723 3136 927 3200 citacionem
944 3154 964 3197 a
981 3135 1080 3198 nobis
1098 3135 1227 3198 laetam
1245 3135 1292 3199 sic
1309 3136 1399 3200 inter

287 3261 322 3303 se
342 3239 383 3303 de
404 3260 543 3303 assensu
563 3240 634 3304 d'ni
653 3240 826 3323 Archiep'i
846 3241 948 3303 Ebor.
970 3239 1167 3322 Apostolice
1186 3239 1275 3303 sedis
1294 3241 1398 3326 legati

287 3344 322 3409 in
339 3345 435 3409 cuius
452 3345 584 3409 deocesi
600 3346 675 3429 ipsa
690 3344 829 3428 Capella
845 3345 912 3408 sita
929 3351 991 3419 est,
1010 3346 1074 3408 sub
1090 3346 1264 3429 presencia
1280 3352 1398 3409 nostra

287 3455 549 3524 conuenerunt,²
571 3450 665 3534 quod
684 3449 755 3533 ipse
773 3449 825 3513 W.
845 3449 974 3513 dictam
994 3449 1168 3532 Capellam
1188 3451 1222 3514 in
1242 3451 1317 3514 vita
1336 3471 1399 3515 sua

287 3558 425 3617 nomine
445 3555 624 3637 prescripti
640 3553 790 3636 Capituli
807 3555 872 3618 sub
892 3565 1032 3618 annuo3
1047 3575 1151 3619 censu
1171 3577 1193 3618 x
1213 3556 1398 3620 solidorum

288 3659 448 3732 tenebit,4
468 3679 510 3722 ex
530 3659 656 3742 quibus
672 3659 825 3742 quinque
846 3659 972 3722 solidos
993 3659 1027 3723 in
1049 3659 1137 3723 festo
1159 3660 1224 3724 S'ci
1247 3661 1397 3743 Martini,

288 3763 440 3847 quinque
469 3784 550 3827 vero
580 3763 624 3826 ad
654 3763 882 3827 Pentecosten
911 3764 1093 3828 annuatim
1122 3765 1304 3847 persoluet.
1353 3766 1399 3828 Et

287 3867 381 3951 quod
407 3869 495 3932 hanc
522 3868 789 3932 conuencionem
816 3867 950 3931 firmam
978 3874 1012 3932 et
1039 3868 1208 3933 illibatam
1234 3870 1397 3945 seruabit,

287 3973 491 4055 interposita
515 3972 594 4036 fidei
617 3972 777 4056 religione
801 3973 958 4056 promisit
982 3973 1076 4056 quod
1099 3994 1181 4038 vero
1204 3994 1308 4038 causa
1331 3975 1398 4038 ista

287 4077 386 4140 nobis
401 4096 421 4139 a
440 4097 575 4141 summo
591 4075 753 4160 pontifice
770 4077 951 4141 commissa
968 4077 1045 4153 luit,
1063 4083 1103 4143 vt
1119 4099 1205 4155 eam,
1223 4079 1398 4143 mediante

288 4181 433 4256 iusticia,
469 4182 741 4255 terminaremus
776 4187 961 4266 nostreque
993 4182 1168 4246 voluntati
1201 4190 1298 4247 erant
1333 4184 1398 4247 dis-

288 4285 469 4350 cordantes
495 4286 539 4349 ad
566 4286 783 4350 concordiam
810 4306 969 4350 revocare
995 4288 1104 4372 magis
1129 4308 1235 4372 quam
1261 4289 1338 4352 lites
1364 4295 1398 4352 et

288 4391 406 4474 iurgia,
452 4390 567 4454 fouere
610 4411 730 4473 pacem
774 4396 808 4454 et
853 4391 1070 4455 concordiam
1114 4392 1203 4457 inter
1245 4394 1398 4476 prelatos

288 4494 477 4579 litigatores
499 4501 539 4559 ut
560 4495 693 4558 dictum
715 4501 766 4558 est
789 4495 1034 4571 reformatam;
1072 4502 1185 4561 ratam
1206 4503 1241 4562 et
1263 4498 1398 4562 firmam

288 4599 472 4663 habuimus
488 4605 522 4662 et
538 4600 763 4663 autoritatem
779 4606 934 4664 nostram
950 4601 1260 4668 accomodauimus.
1309 4604 1399 4668 Acta

361 4744 367 4766 ¹
389 4744 404 4761 ‘⁴
414 4739 460 4788 S.''
475 4740 541 4802 only
554 4740 582 4787 in
597 4741 652 4790 MS.
691 4745 701 4766 ²
720 4741 775 4790 MS.
790 4740 840 4791 has
862 4747 878 4767 ‘⁶
888 4742 1056 4794 conuen'it.''
1097 4749 1107 4779 ³
1126 4744 1182 4796 MS.
1197 4745 1247 4795 has
1262 4752 1278 4772 “
1289 4747 1399 4798 Anno.''

287 4822 297 4853 ⁴
315 4820 364 4867 See
378 4818 429 4868 No.
444 4819 487 4882 63.
