<?xml version="1.0" encoding="UTF-8"?>
<!DOCTYPE html PUBLIC "-//W3C//DTD XHTML 1.0 Transitional//EN"
    "http://www.w3.org/TR/xhtml1/DTD/xhtml1-transitional.dtd">
<html xmlns="http://www.w3.org/1999/xhtml" xml:lang="en" lang="en">
 <head>
  <title>
</title>
<meta http-equiv="Content-Type" content="text/html;charset=utf-8" />
  <meta name='ocr-system' content='tesseract 3.04.00' />
  <meta name='ocr-capabilities' content='ocr_page ocr_carea ocr_par ocr_line ocrx_word'/>
</head>
<body>
  <div class='ocr_page' id='page_1' title='image "./memorialschurch01fowlgoog_0179.png"; bbox 0 0 3392 5650; ppageno 0'>
   <div class='ocr_carea' id='block_1_1' title="bbox 623 706 1360 788">
    <p class='ocr_par' dir='ltr' id='par_1_1' title="bbox 623 706 1360 788">
     <span class='ocr_line' id='line_1_1' title="bbox 623 706 1360 788; baseline -0.004 -17"><span class='ocrx_word' id='word_1_1' title='bbox 623 707 716 771; x_wconf 84' lang='lat' dir='ltr'>Acrs</span> <span class='ocrx_word' id='word_1_2' title='bbox 740 725 785 771; x_wconf 82' lang='lat' dir='ltr'>or</span> <span class='ocrx_word' id='word_1_3' title='bbox 809 706 987 771; x_wconf 63' lang='lat' dir='ltr'>Cunerum</span> <span class='ocrx_word' id='word_1_4' title='bbox 1299 723 1360 788; x_wconf 86' lang='lat'>137</span> 
     </span>
    </p>
   </div>
   <div class='ocr_carea' id='block_1_2' title="bbox 257 865 1361 1161">
    <p class='ocr_par' dir='ltr' id='par_1_2' title="bbox 257 865 1361 1161">
     <span class='ocr_line' id='line_1_2' title="bbox 257 865 1361 971; baseline -0.005 -19"><span class='ocrx_word' id='word_1_5' title='bbox 257 890 343 971; x_wconf 81' lang='lat'>(213)</span> <span class='ocrx_word' id='word_1_6' title='bbox 386 889 565 952; x_wconf 83' lang='lat' dir='ltr'>Amssssio</span> <span class='ocrx_word' id='word_1_7' title='bbox 605 865 781 951; x_wconf 68' lang='lat' dir='ltr'>linbrsmi</span> <span class='ocrx_word' id='word_1_8' title='bbox 822 885 942 968; x_wconf 81' lang='lat' dir='ltr'>Jou&#39;rs</span> <span class='ocrx_word' id='word_1_9' title='bbox 981 885 1101 948; x_wconf 80' lang='lat' dir='ltr'>CLERE</span> <span class='ocrx_word' id='word_1_10' title='bbox 1142 901 1253 948; x_wconf 79' lang='lat' dir='ltr'>FACTA</span> <span class='ocrx_word' id='word_1_11' title='bbox 1293 886 1361 947; x_wconf 73' lang='lat' dir='ltr'>Puri</span> 
     </span>
     <span class='ocr_line' id='line_1_3' title="bbox 298 991 1361 1067; baseline -0.005 -11"><span class='ocrx_word' id='word_1_12' title='bbox 298 993 510 1056; x_wconf 75' lang='lat' dir='ltr'>CAPrruiun</span> <span class='ocrx_word' id='word_1_13' title='bbox 543 991 684 1055; x_wconf 75' lang='lat' dir='ltr'>Rrrort&#39;</span> <span class='ocrx_word' id='word_1_14' title='bbox 717 1008 762 1053; x_wconf 83' lang='lat' dir='ltr'>vr</span> <span class='ocrx_word' id='word_1_15' title='bbox 793 1007 974 1067; x_wconf 76' lang='lat' dir='ltr'>seourrun</span> <span class='ocrx_word' id='word_1_16' title='bbox 1006 1007 1054 1053; x_wconf 80' lang='lat' dir='ltr'>uu</span> <span class='ocrx_word' id='word_1_17' title='bbox 1086 1006 1281 1053; x_wconf 76' lang='lat' dir='ltr'>rimarum</span> <span class='ocrx_word' id='word_1_18' title='bbox 1313 1006 1361 1052; x_wconf 80' lang='lat' dir='ltr'>un</span> 
     </span>
     <span class='ocr_line' id='line_1_4' title="bbox 298 1098 584 1161; baseline -0.003 0"><span class='ocrx_word' id='word_1_19' title='bbox 298 1098 584 1161; x_wconf 72' lang='lat' dir='ltr'>SrAruwroces</span> 
     </span>
    </p>
   </div>
   <div class='ocr_carea' id='block_1_3' title="bbox 254 1211 1370 4429">
    <p class='ocr_par' dir='ltr' id='par_1_3' title="bbox 254 1211 1370 4429">
     <span class='ocr_line' id='line_1_5' title="bbox 342 1211 1361 1295; baseline -0.003 -18"><span class='ocrx_word' id='word_1_20' title='bbox 342 1214 516 1278; x_wconf 90' lang='lat' dir='ltr'>Vniuersis</span> <span class='ocrx_word' id='word_1_21' title='bbox 532 1219 650 1277; x_wconf 89' lang='lat' dir='ltr'>sancte</span> <span class='ocrx_word' id='word_1_22' title='bbox 667 1213 788 1276; x_wconf 92' lang='lat' dir='ltr'>matris</span> <span class='ocrx_word' id='word_1_23' title='bbox 805 1212 942 1275; x_wconf 82' lang='lat' dir='ltr'>ecclesie</span> <span class='ocrx_word' id='word_1_24' title='bbox 959 1211 1038 1295; x_wconf 82' lang='lat' dir='ltr'>filijs</span> <span class='ocrx_word' id='word_1_25' title='bbox 1055 1218 1229 1295; x_wconf 84' lang='lat' dir='ltr'>presentes</span> <span class='ocrx_word' id='word_1_26' title='bbox 1246 1211 1361 1275; x_wconf 79' lang='lat' dir='ltr'>literas</span> 
     </span>
     <span class='ocr_line' id='line_1_6' title="bbox 255 1315 1362 1403; baseline -0.003 -21"><span class='ocrx_word' id='word_1_27' title='bbox 255 1319 458 1403; x_wconf 89' lang='lat' dir='ltr'>inspecturis</span> <span class='ocrx_word' id='word_1_28' title='bbox 486 1318 540 1382; x_wconf 87' lang='lat' dir='ltr'>vel</span> <span class='ocrx_word' id='word_1_29' title='bbox 569 1317 747 1381; x_wconf 80' lang='lat' dir='ltr'>audituris,</span> <span class='ocrx_word' id='word_1_30' title='bbox 796 1316 993 1400; x_wconf 82' lang='lat' dir='ltr'>Capitulum</span> <span class='ocrx_word' id='word_1_31' title='bbox 1022 1315 1158 1379; x_wconf 86' lang='lat' dir='ltr'>ecclesie</span> <span class='ocrx_word' id='word_1_32' title='bbox 1186 1315 1362 1400; x_wconf 87' lang='lat' dir='ltr'>collegiate</span> 
     </span>
     <span class='ocr_line' id='line_1_7' title="bbox 255 1421 1363 1504; baseline -0.002 -19"><span class='ocrx_word' id='word_1_33' title='bbox 255 1423 347 1486; x_wconf 89' lang='lat' dir='ltr'>beati</span> <span class='ocrx_word' id='word_1_34' title='bbox 375 1421 467 1486; x_wconf 92' lang='lat' dir='ltr'>Petri</span> <span class='ocrx_word' id='word_1_35' title='bbox 495 1422 663 1504; x_wconf 91' lang='lat' dir='ltr'>Ryponie,</span> <span class='ocrx_word' id='word_1_36' title='bbox 691 1422 844 1486; x_wconf 81' lang='lat' dir='ltr'>Salutem</span> <span class='ocrx_word' id='word_1_37' title='bbox 872 1422 905 1485; x_wconf 94' lang='lat' dir='ltr'>in</span> <span class='ocrx_word' id='word_1_38' title='bbox 932 1421 1086 1485; x_wconf 92' lang='lat' dir='ltr'>omnium</span> <span class='ocrx_word' id='word_1_39' title='bbox 1113 1421 1300 1496; x_wconf 79' lang='lat' dir='ltr'>Saluatom,</span> <span class='ocrx_word' id='word_1_40' title='bbox 1329 1426 1363 1483; x_wconf 93' lang='lat' dir='ltr'>et</span> 
     </span>
     <span class='ocr_line' id='line_1_8' title="bbox 255 1510 1363 1609; baseline 0 -20"><span class='ocrx_word' id='word_1_41' title='bbox 255 1526 357 1590; x_wconf 91' lang='lat' dir='ltr'>fidem</span> <span class='ocrx_word' id='word_1_42' title='bbox 386 1510 564 1590; x_wconf 84' lang='lat' dir='ltr'>indubiam</span> <span class='ocrx_word' id='word_1_43' title='bbox 593 1527 808 1609; x_wconf 82' lang='lat' dir='ltr'>presentibus</span> <span class='ocrx_word' id='word_1_44' title='bbox 837 1525 1008 1590; x_wconf 91' lang='lat' dir='ltr'>adhibere.</span> <span class='ocrx_word' id='word_1_45' title='bbox 1057 1526 1200 1590; x_wconf 90' lang='lat' dir='ltr'>Nouerit</span> <span class='ocrx_word' id='word_1_46' title='bbox 1229 1526 1363 1589; x_wconf 87' lang='lat' dir='ltr'>vniuer-</span> 
     </span>
     <span class='ocr_line' id='line_1_9' title="bbox 254 1630 1363 1714; baseline 0 -20"><span class='ocrx_word' id='word_1_47' title='bbox 254 1632 339 1695; x_wconf 86' lang='lat' dir='ltr'>sitas</span> <span class='ocrx_word' id='word_1_48' title='bbox 366 1637 482 1695; x_wconf 88' lang='lat' dir='ltr'>vestra</span> <span class='ocrx_word' id='word_1_49' title='bbox 508 1631 602 1714; x_wconf 91' lang='lat' dir='ltr'>quod</span> <span class='ocrx_word' id='word_1_50' title='bbox 629 1651 692 1695; x_wconf 91' lang='lat' dir='ltr'>nos</span> <span class='ocrx_word' id='word_1_51' title='bbox 719 1630 949 1694; x_wconf 88' lang='lat' dir='ltr'>venerabilem</span> <span class='ocrx_word' id='word_1_52' title='bbox 976 1637 1010 1693; x_wconf 87' lang='lat' dir='ltr'>et</span> <span class='ocrx_word' id='word_1_53' title='bbox 1038 1630 1222 1695; x_wconf 90' lang='lat' dir='ltr'>discretum</span> <span class='ocrx_word' id='word_1_54' title='bbox 1251 1631 1363 1694; x_wconf 87' lang='lat' dir='ltr'>virum</span> 
     </span>
     <span class='ocr_line' id='line_1_10' title="bbox 256 1734 1363 1820; baseline -0.001 -22"><span class='ocrx_word' id='word_1_55' title='bbox 256 1735 458 1820; x_wconf 85' lang='lat' dir='ltr'>Magistrum</span> <span class='ocrx_word' id='word_1_56' title='bbox 487 1735 683 1818; x_wconf 91' lang='lat' dir='ltr'>Johannem</span> <span class='ocrx_word' id='word_1_57' title='bbox 712 1736 805 1799; x_wconf 87' lang='lat' dir='ltr'>Clere</span> <span class='ocrx_word' id='word_1_58' title='bbox 834 1735 868 1799; x_wconf 93' lang='lat' dir='ltr'>in</span> <span class='ocrx_word' id='word_1_59' title='bbox 898 1734 1042 1798; x_wconf 87' lang='lat' dir='ltr'>decretis</span> <span class='ocrx_word' id='word_1_60' title='bbox 1072 1735 1300 1799; x_wconf 88' lang='lat' dir='ltr'>Bacallarium</span> <span class='ocrx_word' id='word_1_61' title='bbox 1330 1735 1363 1798; x_wconf 92' lang='lat' dir='ltr'>in</span> 
     </span>
     <span class='ocr_line' id='line_1_11' title="bbox 255 1839 1364 1923; baseline -0.001 -19"><span class='ocrx_word' id='word_1_62' title='bbox 255 1839 465 1904; x_wconf 85' lang='lat' dir='ltr'>Canonicum</span> <span class='ocrx_word' id='word_1_63' title='bbox 487 1845 521 1902; x_wconf 89' lang='lat' dir='ltr'>et</span> <span class='ocrx_word' id='word_1_64' title='bbox 543 1840 807 1922; x_wconf 85' lang='lat' dir='ltr'>prebendarium</span> <span class='ocrx_word' id='word_1_65' title='bbox 829 1840 1052 1903; x_wconf 89' lang='lat' dir='ltr'>canonicatus</span> <span class='ocrx_word' id='word_1_66' title='bbox 1073 1846 1107 1903; x_wconf 91' lang='lat' dir='ltr'>et</span> <span class='ocrx_word' id='word_1_67' title='bbox 1130 1839 1300 1923; x_wconf 90' lang='lat' dir='ltr'>prebende</span> <span class='ocrx_word' id='word_1_68' title='bbox 1322 1839 1364 1903; x_wconf 91' lang='lat' dir='ltr'>de</span> 
     </span>
     <span class='ocr_line' id='line_1_12' title="bbox 256 1943 1365 2028; baseline -0.001 -20"><span class='ocrx_word' id='word_1_69' title='bbox 256 1944 491 2028; x_wconf 85' lang='lat' dir='ltr'>Staynwigges</span> <span class='ocrx_word' id='word_1_70' title='bbox 516 1943 550 2007; x_wconf 93' lang='lat' dir='ltr'>in</span> <span class='ocrx_word' id='word_1_71' title='bbox 576 1944 728 2008; x_wconf 87' lang='lat' dir='ltr'>Ecclesia</span> <span class='ocrx_word' id='word_1_72' title='bbox 753 1950 871 2008; x_wconf 90' lang='lat' dir='ltr'>nostra</span> <span class='ocrx_word' id='word_1_73' title='bbox 896 1943 1075 2028; x_wconf 84' lang='lat' dir='ltr'>collegiata</span> <span class='ocrx_word' id='word_1_74' title='bbox 1100 1943 1254 2027; x_wconf 92' lang='lat' dir='ltr'>predicta</span> <span class='ocrx_word' id='word_1_75' title='bbox 1278 1965 1365 2027; x_wconf 89' lang='lat' dir='ltr'>quos</span> 
     </span>
     <span class='ocr_line' id='line_1_13' title="bbox 257 2048 1365 2132; baseline 0 -20"><span class='ocrx_word' id='word_1_76' title='bbox 257 2048 574 2113; x_wconf 91' lang='lat' dir='ltr'>Reuerendissimus</span> <span class='ocrx_word' id='word_1_77' title='bbox 611 2049 646 2112; x_wconf 90' lang='lat' dir='ltr'>in</span> <span class='ocrx_word' id='word_1_78' title='bbox 684 2070 752 2132; x_wconf 89' lang='lat' dir='ltr'>xpo</span> <span class='ocrx_word' id='word_1_79' title='bbox 790 2054 889 2132; x_wconf 91' lang='lat' dir='ltr'>pater</span> <span class='ocrx_word' id='word_1_80' title='bbox 926 2055 959 2112; x_wconf 91' lang='lat' dir='ltr'>et</span> <span class='ocrx_word' id='word_1_81' title='bbox 997 2048 1167 2124; x_wconf 89' lang='lat' dir='ltr'>dominus,</span> <span class='ocrx_word' id='word_1_82' title='bbox 1206 2048 1365 2112; x_wconf 89' lang='lat' dir='ltr'>dominus</span> 
     </span>
     <span class='ocr_line' id='line_1_14' title="bbox 256 2152 1364 2237; baseline 0 -20"><span class='ocrx_word' id='word_1_83' title='bbox 256 2154 442 2237; x_wconf 90' lang='lat' dir='ltr'>Johannes‚</span> <span class='ocrx_word' id='word_1_84' title='bbox 488 2153 708 2236; x_wconf 86' lang='lat' dir='ltr'>permissione</span> <span class='ocrx_word' id='word_1_85' title='bbox 752 2153 871 2217; x_wconf 90' lang='lat' dir='ltr'>diuina</span> <span class='ocrx_word' id='word_1_86' title='bbox 915 2153 1007 2217; x_wconf 90' lang='lat' dir='ltr'>tituli</span> <span class='ocrx_word' id='word_1_87' title='bbox 1052 2154 1176 2218; x_wconf 86' lang='lat' dir='ltr'>Sancte</span> <span class='ocrx_word' id='word_1_88' title='bbox 1221 2152 1364 2217; x_wconf 88' lang='lat' dir='ltr'>Balbine</span> 
     </span>
     <span class='ocr_line' id='line_1_15' title="bbox 257 2256 1364 2343; baseline -0.001 -20"><span class='ocrx_word' id='word_1_89' title='bbox 257 2259 424 2343; x_wconf 90' lang='lat' dir='ltr'>presbiter</span> <span class='ocrx_word' id='word_1_90' title='bbox 444 2258 643 2332; x_wconf 85' lang='lat' dir='ltr'>Cardinalis,</span> <span class='ocrx_word' id='word_1_91' title='bbox 665 2259 767 2322; x_wconf 88' lang='lat' dir='ltr'>Ebur.</span> <span class='ocrx_word' id='word_1_92' title='bbox 789 2258 1002 2341; x_wconf 75' lang='lat' dir='ltr'>Archiep’uS,</span> <span class='ocrx_word' id='word_1_93' title='bbox 1026 2256 1146 2342; x_wconf 85' lang='lat' dir='ltr'>Anglie</span> <span class='ocrx_word' id='word_1_94' title='bbox 1168 2258 1306 2341; x_wconf 72' lang='lat' dir='ltr'>primas</span> <span class='ocrx_word' id='word_1_95' title='bbox 1330 2266 1364 2322; x_wconf 89' lang='lat' dir='ltr'>et</span> 
     </span>
     <span class='ocr_line' id='line_1_16' title="bbox 256 2362 1363 2447; baseline -0.003 -19"><span class='ocrx_word' id='word_1_96' title='bbox 256 2363 452 2447; x_wconf 87' lang='lat' dir='ltr'>Apostolice</span> <span class='ocrx_word' id='word_1_97' title='bbox 484 2362 573 2426; x_wconf 92' lang='lat' dir='ltr'>sedis</span> <span class='ocrx_word' id='word_1_98' title='bbox 604 2363 748 2447; x_wconf 70' lang='lat' dir='ltr'>legatus</span> <span class='ocrx_word' id='word_1_99' title='bbox 773 2383 833 2446; x_wconf 94' lang='lat' dir='ltr'>per</span> <span class='ocrx_word' id='word_1_100' title='bbox 860 2368 1006 2426; x_wconf 91' lang='lat' dir='ltr'>mortem</span> <span class='ocrx_word' id='word_1_101' title='bbox 1038 2362 1193 2447; x_wconf 86' lang='lat' dir='ltr'>magistri</span> <span class='ocrx_word' id='word_1_102' title='bbox 1226 2362 1363 2427; x_wconf 88' lang='lat' dir='ltr'>Ricardi</span> 
     </span>
     <span class='ocr_line' id='line_1_17' title="bbox 258 2466 1366 2550; baseline 0 -20"><span class='ocrx_word' id='word_1_103' title='bbox 258 2468 393 2532; x_wconf 91' lang='lat' dir='ltr'>Morton</span> <span class='ocrx_word' id='word_1_104' title='bbox 410 2468 523 2531; x_wconf 90' lang='lat' dir='ltr'>vltimi</span> <span class='ocrx_word' id='word_1_105' title='bbox 540 2467 695 2531; x_wconf 90' lang='lat' dir='ltr'>canonici</span> <span class='ocrx_word' id='word_1_106' title='bbox 712 2474 746 2530; x_wconf 89' lang='lat' dir='ltr'>et</span> <span class='ocrx_word' id='word_1_107' title='bbox 764 2466 978 2550; x_wconf 85' lang='lat' dir='ltr'>prebendarij</span> <span class='ocrx_word' id='word_1_108' title='bbox 999 2467 1185 2531; x_wconf 88' lang='lat' dir='ltr'>eorundem</span> <span class='ocrx_word' id='word_1_109' title='bbox 1202 2474 1366 2532; x_wconf 88' lang='lat' dir='ltr'>vacantes</span> 
     </span>
     <span class='ocr_line' id='line_1_18' title="bbox 256 2571 1366 2656; baseline -0.001 -20"><span class='ocrx_word' id='word_1_110' title='bbox 256 2592 366 2656; x_wconf 90' lang='lat' dir='ltr'>nuper</span> <span class='ocrx_word' id='word_1_111' title='bbox 389 2571 535 2635; x_wconf 89' lang='lat' dir='ltr'>contulit</span> <span class='ocrx_word' id='word_1_112' title='bbox 560 2572 670 2635; x_wconf 89' lang='lat' dir='ltr'>eidem</span> <span class='ocrx_word' id='word_1_113' title='bbox 696 2572 825 2656; x_wconf 87' lang='lat' dir='ltr'>Mag&#39;ro</span> <span class='ocrx_word' id='word_1_114' title='bbox 849 2571 953 2654; x_wconf 90' lang='lat' dir='ltr'>Joh&#39;i‚</span> <span class='ocrx_word' id='word_1_115' title='bbox 979 2593 1019 2636; x_wconf 89' lang='lat' dir='ltr'>ac</span> <span class='ocrx_word' id='word_1_116' title='bbox 1043 2572 1155 2655; x_wconf 91' lang='lat' dir='ltr'>ipsum</span> <span class='ocrx_word' id='word_1_117' title='bbox 1179 2572 1214 2635; x_wconf 92' lang='lat' dir='ltr'>in</span> <span class='ocrx_word' id='word_1_118' title='bbox 1238 2572 1366 2636; x_wconf 88' lang='lat' dir='ltr'>eisdem</span> 
     </span>
     <span class='ocr_line' id='line_1_19' title="bbox 257 2674 1366 2758; baseline 0.002 -21"><span class='ocrx_word' id='word_1_119' title='bbox 257 2674 446 2750; x_wconf 85' lang='lat' dir='ltr'>inuestiuit,</span> <span class='ocrx_word' id='word_1_120' title='bbox 490 2695 605 2738; x_wconf 91' lang='lat' dir='ltr'>coram</span> <span class='ocrx_word' id='word_1_121' title='bbox 647 2674 746 2738; x_wconf 90' lang='lat' dir='ltr'>nobis</span> <span class='ocrx_word' id='word_1_122' title='bbox 788 2675 1012 2758; x_wconf 86' lang='lat' dir='ltr'>personaliter</span> <span class='ocrx_word' id='word_1_123' title='bbox 1054 2676 1098 2740; x_wconf 92' lang='lat' dir='ltr'>ad</span> <span class='ocrx_word' id='word_1_124' title='bbox 1140 2682 1260 2740; x_wconf 89' lang='lat' dir='ltr'>sancta</span> <span class='ocrx_word' id='word_1_125' title='bbox 1303 2675 1366 2739; x_wconf 85' lang='lat' dir='ltr'>Dei</span> 
     </span>
     <span class='ocr_line' id='line_1_20' title="bbox 257 2778 1365 2864; baseline 0 -20"><span class='ocrx_word' id='word_1_126' title='bbox 257 2778 446 2864; x_wconf 86' lang='lat' dir='ltr'>Euangelia</span> <span class='ocrx_word' id='word_1_127' title='bbox 462 2778 614 2844; x_wconf 89' lang='lat' dir='ltr'>iuratum</span> <span class='ocrx_word' id='word_1_128' title='bbox 631 2778 673 2843; x_wconf 95' lang='lat' dir='ltr'>de</span> <span class='ocrx_word' id='word_1_129' title='bbox 691 2778 906 2843; x_wconf 88' lang='lat' dir='ltr'>obseruando</span> <span class='ocrx_word' id='word_1_130' title='bbox 923 2779 1177 2845; x_wconf 88' lang='lat' dir='ltr'>ordinacionem</span> <span class='ocrx_word' id='word_1_131' title='bbox 1194 2780 1365 2845; x_wconf 88' lang='lat' dir='ltr'>dictorum</span> 
     </span>
     <span class='ocr_line' id='line_1_21' title="bbox 257 2884 1366 2966; baseline -0.001 -17"><span class='ocrx_word' id='word_1_132' title='bbox 257 2885 487 2949; x_wconf 86' lang='lat' dir='ltr'>Canonicatus</span> <span class='ocrx_word' id='word_1_133' title='bbox 503 2890 537 2947; x_wconf 89' lang='lat' dir='ltr'>et</span> <span class='ocrx_word' id='word_1_134' title='bbox 554 2884 725 2966; x_wconf 92' lang='lat' dir='ltr'>prebende</span> <span class='ocrx_word' id='word_1_135' title='bbox 742 2905 782 2947; x_wconf 89' lang='lat' dir='ltr'>ac</span> <span class='ocrx_word' id='word_1_136' title='bbox 798 2889 934 2948; x_wconf 88' lang='lat' dir='ltr'>statuta</span> <span class='ocrx_word' id='word_1_137' title='bbox 950 2891 984 2947; x_wconf 89' lang='lat' dir='ltr'>et</span> <span class='ocrx_word' id='word_1_138' title='bbox 1003 2885 1266 2949; x_wconf 90' lang='lat' dir='ltr'>consuetudines</span> <span class='ocrx_word' id='word_1_139' title='bbox 1282 2885 1366 2949; x_wconf 90' lang='lat' dir='ltr'>dicti</span> 
     </span>
     <span class='ocr_line' id='line_1_22' title="bbox 257 2988 1366 3074; baseline -0.002 -20"><span class='ocrx_word' id='word_1_140' title='bbox 257 2989 406 3074; x_wconf 84' lang='lat' dir='ltr'>Capituli</span> <span class='ocrx_word' id='word_1_141' title='bbox 431 2989 550 3062; x_wconf 91' lang='lat' dir='ltr'>nostri,</span> <span class='ocrx_word' id='word_1_142' title='bbox 577 2989 765 3072; x_wconf 90' lang='lat' dir='ltr'>recepimus</span> <span class='ocrx_word' id='word_1_143' title='bbox 789 2996 824 3052; x_wconf 90' lang='lat' dir='ltr'>et</span> <span class='ocrx_word' id='word_1_144' title='bbox 849 2988 1060 3064; x_wconf 90' lang='lat' dir='ltr'>admisimus,</span> <span class='ocrx_word' id='word_1_145' title='bbox 1087 2996 1120 3053; x_wconf 94' lang='lat' dir='ltr'>et</span> <span class='ocrx_word' id='word_1_146' title='bbox 1146 2989 1256 3053; x_wconf 89' lang='lat' dir='ltr'>eidem</span> <span class='ocrx_word' id='word_1_147' title='bbox 1281 2990 1366 3052; x_wconf 90' lang='lat' dir='ltr'>M’ro</span> 
     </span>
     <span class='ocr_line' id='line_1_23' title="bbox 258 3093 1366 3177; baseline 0.001 -20"><span class='ocrx_word' id='word_1_148' title='bbox 258 3093 409 3177; x_wconf 90' lang='lat' dir='ltr'>Johanni</span> <span class='ocrx_word' id='word_1_149' title='bbox 427 3094 475 3156; x_wconf 89' lang='lat' dir='ltr'>sic</span> <span class='ocrx_word' id='word_1_150' title='bbox 494 3098 630 3176; x_wconf 91' lang='lat' dir='ltr'>recepto</span> <span class='ocrx_word' id='word_1_151' title='bbox 649 3099 683 3156; x_wconf 89' lang='lat' dir='ltr'>et</span> <span class='ocrx_word' id='word_1_152' title='bbox 702 3093 852 3157; x_wconf 91' lang='lat' dir='ltr'>admisso</span> <span class='ocrx_word' id='word_1_153' title='bbox 870 3094 1009 3157; x_wconf 91' lang='lat' dir='ltr'>stallum</span> <span class='ocrx_word' id='word_1_154' title='bbox 1028 3093 1061 3157; x_wconf 93' lang='lat' dir='ltr'>in</span> <span class='ocrx_word' id='word_1_155' title='bbox 1080 3095 1183 3158; x_wconf 92' lang='lat' dir='ltr'>choro</span> <span class='ocrx_word' id='word_1_156' title='bbox 1201 3100 1235 3157; x_wconf 92' lang='lat' dir='ltr'>et</span> <span class='ocrx_word' id='word_1_157' title='bbox 1254 3093 1366 3158; x_wconf 91' lang='lat' dir='ltr'>locum</span> 
     </span>
     <span class='ocr_line' id='line_1_24' title="bbox 258 3197 1367 3282; baseline 0.001 -21"><span class='ocrx_word' id='word_1_158' title='bbox 258 3199 292 3262; x_wconf 89' lang='lat' dir='ltr'>in</span> <span class='ocrx_word' id='word_1_159' title='bbox 317 3197 476 3282; x_wconf 84' lang='lat' dir='ltr'>Capitulo</span> <span class='ocrx_word' id='word_1_160' title='bbox 500 3197 628 3261; x_wconf 93' lang='lat' dir='ltr'>eisdem</span> <span class='ocrx_word' id='word_1_161' title='bbox 652 3198 877 3262; x_wconf 86' lang='lat' dir='ltr'>Canonicatui</span> <span class='ocrx_word' id='word_1_162' title='bbox 901 3203 935 3260; x_wconf 91' lang='lat' dir='ltr'>et</span> <span class='ocrx_word' id='word_1_163' title='bbox 959 3199 1130 3281; x_wconf 87' lang='lat' dir='ltr'>prebende</span> <span class='ocrx_word' id='word_1_164' title='bbox 1155 3200 1198 3262; x_wconf 93' lang='lat' dir='ltr'>ab</span> <span class='ocrx_word' id='word_1_165' title='bbox 1223 3199 1367 3282; x_wconf 89' lang='lat' dir='ltr'>antiquo</span> 
     </span>
     <span class='ocr_line' id='line_1_25' title="bbox 258 3302 1366 3387; baseline -0.001 -20"><span class='ocrx_word' id='word_1_166' title='bbox 258 3303 377 3367; x_wconf 88' lang='lat' dir='ltr'>debita</span> <span class='ocrx_word' id='word_1_167' title='bbox 394 3308 428 3366; x_wconf 92' lang='lat' dir='ltr'>et</span> <span class='ocrx_word' id='word_1_168' title='bbox 445 3309 612 3366; x_wconf 89' lang='lat' dir='ltr'>consueta</span> <span class='ocrx_word' id='word_1_169' title='bbox 628 3302 887 3387; x_wconf 79' lang='lat' dir='ltr'>assignauimus¹</span> <span class='ocrx_word' id='word_1_170' title='bbox 907 3302 1087 3386; x_wconf 88' lang='lat' dir='ltr'>ipsumque</span> <span class='ocrx_word' id='word_1_171' title='bbox 1105 3303 1139 3367; x_wconf 92' lang='lat' dir='ltr'>in</span> <span class='ocrx_word' id='word_1_172' title='bbox 1157 3304 1366 3387; x_wconf 90' lang='lat' dir='ltr'>corporalem</span> 
     </span>
     <span class='ocr_line' id='line_1_26' title="bbox 260 3407 1367 3491; baseline 0.002 -21"><span class='ocrx_word' id='word_1_173' title='bbox 260 3407 506 3491; x_wconf 89' lang='lat' dir='ltr'>possessionem</span> <span class='ocrx_word' id='word_1_174' title='bbox 537 3407 769 3490; x_wconf 90' lang='lat' dir='ltr'>predictorum</span> <span class='ocrx_word' id='word_1_175' title='bbox 800 3407 1030 3471; x_wconf 86' lang='lat' dir='ltr'>Canonicatus</span> <span class='ocrx_word' id='word_1_176' title='bbox 1061 3412 1095 3471; x_wconf 91' lang='lat' dir='ltr'>et</span> <span class='ocrx_word' id='word_1_177' title='bbox 1126 3408 1297 3491; x_wconf 91' lang='lat' dir='ltr'>prebende</span> <span class='ocrx_word' id='word_1_178' title='bbox 1328 3430 1367 3472; x_wconf 91' lang='lat' dir='ltr'>ac</span> 
     </span>
     <span class='ocr_line' id='line_1_27' title="bbox 259 3511 1368 3595; baseline 0 -19"><span class='ocrx_word' id='word_1_179' title='bbox 259 3511 446 3576; x_wconf 90' lang='lat' dir='ltr'>mansionis</span> <span class='ocrx_word' id='word_1_180' title='bbox 464 3511 660 3594; x_wconf 88' lang='lat' dir='ltr'>principalis</span> <span class='ocrx_word' id='word_1_181' title='bbox 680 3511 876 3586; x_wconf 85' lang='lat' dir='ltr'>eorundem,</span> <span class='ocrx_word' id='word_1_182' title='bbox 896 3511 1056 3595; x_wconf 87' lang='lat' dir='ltr'>stallique</span> <span class='ocrx_word' id='word_1_183' title='bbox 1075 3512 1109 3575; x_wconf 93' lang='lat' dir='ltr'>in</span> <span class='ocrx_word' id='word_1_184' title='bbox 1128 3512 1231 3576; x_wconf 88' lang='lat' dir='ltr'>choro</span> <span class='ocrx_word' id='word_1_185' title='bbox 1250 3518 1284 3575; x_wconf 90' lang='lat' dir='ltr'>et</span> <span class='ocrx_word' id='word_1_186' title='bbox 1304 3512 1368 3576; x_wconf 89' lang='lat' dir='ltr'>loci</span> 
     </span>
     <span class='ocr_line' id='line_1_28' title="bbox 259 3615 1367 3699; baseline 0 -20"><span class='ocrx_word' id='word_1_187' title='bbox 259 3616 294 3680; x_wconf 91' lang='lat' dir='ltr'>in</span> <span class='ocrx_word' id='word_1_188' title='bbox 323 3615 475 3699; x_wconf 89' lang='lat' dir='ltr'>capitulo</span> <span class='ocrx_word' id='word_1_189' title='bbox 504 3621 694 3680; x_wconf 89' lang='lat' dir='ltr'>memorato</span> <span class='ocrx_word' id='word_1_190' title='bbox 724 3616 837 3680; x_wconf 89' lang='lat' dir='ltr'>induci</span> <span class='ocrx_word' id='word_1_191' title='bbox 868 3616 1019 3689; x_wconf 84' lang='lat' dir='ltr'>lecimus,</span> <span class='ocrx_word' id='word_1_192' title='bbox 1050 3616 1303 3691; x_wconf 73' lang='lat' dir='ltr'>mandauimus</span> <span class='ocrx_word' id='word_1_193' title='bbox 1333 3622 1367 3679; x_wconf 89' lang='lat' dir='ltr'>ct</span> 
     </span>
     <span class='ocr_line' id='line_1_29' title="bbox 260 3720 1365 3806; baseline 0 -21"><span class='ocrx_word' id='word_1_194' title='bbox 260 3720 529 3806; x_wconf 90' lang='lat' dir='ltr'>procurauimus‚</span> <span class='ocrx_word' id='word_1_195' title='bbox 550 3740 629 3784; x_wconf 92' lang='lat' dir='ltr'>cum</span> <span class='ocrx_word' id='word_1_196' title='bbox 647 3721 717 3784; x_wconf 91' lang='lat' dir='ltr'>suis</span> <span class='ocrx_word' id='word_1_197' title='bbox 736 3720 878 3802; x_wconf 90' lang='lat' dir='ltr'>Juribus</span> <span class='ocrx_word' id='word_1_198' title='bbox 897 3727 931 3784; x_wconf 92' lang='lat' dir='ltr'>et</span> <span class='ocrx_word' id='word_1_199' title='bbox 950 3720 1170 3804; x_wconf 88' lang='lat' dir='ltr'>pertinencijs</span> <span class='ocrx_word' id='word_1_200' title='bbox 1189 3721 1365 3785; x_wconf 83' lang='lat' dir='ltr'>vniuersis</span> 
     </span>
     <span class='ocr_line' id='line_1_30' title="bbox 262 3824 1368 3908; baseline -0.002 -18"><span class='ocrx_word' id='word_1_201' title='bbox 262 3827 302 3890; x_wconf 92' lang='lat' dir='ltr'>In</span> <span class='ocrx_word' id='word_1_202' title='bbox 323 3825 420 3890; x_wconf 89' lang='lat' dir='ltr'>cuius</span> <span class='ocrx_word' id='word_1_203' title='bbox 441 3825 487 3888; x_wconf 91' lang='lat' dir='ltr'>rei</span> <span class='ocrx_word' id='word_1_204' title='bbox 509 3824 745 3888; x_wconf 89' lang='lat' dir='ltr'>testimonium</span> <span class='ocrx_word' id='word_1_205' title='bbox 767 3830 872 3908; x_wconf 88' lang='lat' dir='ltr'>atque</span> <span class='ocrx_word' id='word_1_206' title='bbox 894 3824 996 3888; x_wconf 89' lang='lat' dir='ltr'>fidem</span> <span class='ocrx_word' id='word_1_207' title='bbox 1017 3824 1079 3887; x_wconf 89' lang='lat' dir='ltr'>has</span> <span class='ocrx_word' id='word_1_208' title='bbox 1100 3824 1215 3888; x_wconf 88' lang='lat' dir='ltr'>literas</span> <span class='ocrx_word' id='word_1_209' title='bbox 1236 3830 1368 3889; x_wconf 87' lang='lat' dir='ltr'>uestras</span> 
     </span>
     <span class='ocr_line' id='line_1_31' title="bbox 262 3927 1369 4013; baseline -0.002 -19"><span class='ocrx_word' id='word_1_210' title='bbox 262 3929 509 3994; x_wconf 90' lang='lat' dir='ltr'>testimoniales</span> <span class='ocrx_word' id='word_1_211' title='bbox 545 3927 654 4013; x_wconf 87' lang='lat' dir='ltr'>sigillo</span> <span class='ocrx_word' id='word_1_212' title='bbox 691 3928 833 4012; x_wconf 88' lang='lat' dir='ltr'>capituli</span> <span class='ocrx_word' id='word_1_213' title='bbox 870 3929 978 3993; x_wconf 90' lang='lat' dir='ltr'>nostri</span> <span class='ocrx_word' id='word_1_214' title='bbox 1016 3928 1160 4012; x_wconf 88' lang='lat' dir='ltr'>predicti</span> <span class='ocrx_word' id='word_1_215' title='bbox 1197 3929 1369 4012; x_wconf 89' lang='lat' dir='ltr'>pendente</span> 
     </span>
     <span class='ocr_line' id='line_1_32' title="bbox 260 4032 1367 4119; baseline 0 -21"><span class='ocrx_word' id='word_1_216' title='bbox 260 4035 414 4119; x_wconf 88' lang='lat' dir='ltr'>signatas</span> <span class='ocrx_word' id='word_1_217' title='bbox 431 4032 542 4097; x_wconf 89' lang='lat' dir='ltr'>eidem</span> <span class='ocrx_word' id='word_1_218' title='bbox 561 4032 646 4097; x_wconf 89' lang='lat' dir='ltr'>M&#39;ro</span> <span class='ocrx_word' id='word_1_219' title='bbox 664 4033 816 4116; x_wconf 89' lang='lat' dir='ltr'>Johanni</span> <span class='ocrx_word' id='word_1_220' title='bbox 834 4032 906 4096; x_wconf 89' lang='lat' dir='ltr'>fieri</span> <span class='ocrx_word' id='word_1_221' title='bbox 925 4033 1066 4096; x_wconf 83' lang='lat' dir='ltr'>lecimus</span> <span class='ocrx_word' id='word_1_222' title='bbox 1085 4040 1119 4097; x_wconf 90' lang='lat' dir='ltr'>et</span> <span class='ocrx_word' id='word_1_223' title='bbox 1137 4033 1367 4099; x_wconf 85' lang='lat' dir='ltr'>liberauimus</span> 
     </span>
     <span class='ocr_line' id='line_1_33' title="bbox 262 4136 1369 4222; baseline 0 -20"><span class='ocrx_word' id='word_1_224' title='bbox 262 4139 343 4202; x_wconf 91' lang='lat' dir='ltr'>Dat.</span> <span class='ocrx_word' id='word_1_225' title='bbox 372 4138 406 4202; x_wconf 91' lang='lat' dir='ltr'>in</span> <span class='ocrx_word' id='word_1_226' title='bbox 433 4137 536 4201; x_wconf 92' lang='lat' dir='ltr'>domo</span> <span class='ocrx_word' id='word_1_227' title='bbox 563 4143 681 4200; x_wconf 89' lang='lat' dir='ltr'>nostra</span> <span class='ocrx_word' id='word_1_228' title='bbox 708 4136 896 4220; x_wconf 74' lang='lat' dir='ltr'>capitulari</span> <span class='ocrx_word' id='word_1_229' title='bbox 923 4137 957 4201; x_wconf 92' lang='lat' dir='ltr'>in</span> <span class='ocrx_word' id='word_1_230' title='bbox 985 4137 1100 4222; x_wconf 90' lang='lat' dir='ltr'>vigilia</span> <span class='ocrx_word' id='word_1_231' title='bbox 1127 4137 1262 4201; x_wconf 90' lang='lat' dir='ltr'>Natalis</span> <span class='ocrx_word' id='word_1_232' title='bbox 1289 4138 1369 4202; x_wconf 89' lang='lat' dir='ltr'>D’ni</span> 
     </span>
     <span class='ocr_line' id='line_1_34' title="bbox 262 4240 1370 4324; baseline 0 -17"><span class='ocrx_word' id='word_1_233' title='bbox 262 4243 341 4307; x_wconf 89' lang='lat' dir='ltr'>vidz</span> <span class='ocrx_word' id='word_1_234' title='bbox 367 4241 528 4305; x_wconf 90' lang='lat' dir='ltr'>vicesimo</span> <span class='ocrx_word' id='word_1_235' title='bbox 554 4240 596 4324; x_wconf 90' lang='lat' dir='ltr'>ij⁰</span> <span class='ocrx_word' id='word_1_236' title='bbox 623 4241 693 4323; x_wconf 81' lang='lat' dir='ltr'>(sic)</span> <span class='ocrx_word' id='word_1_237' title='bbox 722 4241 776 4304; x_wconf 91' lang='lat' dir='ltr'>die</span> <span class='ocrx_word' id='word_1_238' title='bbox 802 4241 929 4305; x_wconf 90' lang='lat' dir='ltr'>mensis</span> <span class='ocrx_word' id='word_1_239' title='bbox 955 4241 1133 4306; x_wconf 91' lang='lat' dir='ltr'>Decembr.</span> <span class='ocrx_word' id='word_1_240' title='bbox 1162 4242 1263 4307; x_wconf 91' lang='lat' dir='ltr'>Anno</span> <span class='ocrx_word' id='word_1_241' title='bbox 1289 4243 1370 4307; x_wconf 84' lang='lat' dir='ltr'>D’ni</span> 
     </span>
     <span class='ocr_line' id='line_1_35' title="bbox 263 4345 1010 4429; baseline -0.001 -18"><span class='ocrx_word' id='word_1_242' title='bbox 263 4347 417 4411; x_wconf 88' lang='lat' dir='ltr'>Mill&#39;imo</span> <span class='ocrx_word' id='word_1_243' title='bbox 435 4359 554 4410; x_wconf 90' lang='lat' dir='ltr'>cccc¹¹¹⁰</span> <span class='ocrx_word' id='word_1_244' title='bbox 571 4345 833 4428; x_wconf 88' lang='lat' dir='ltr'>quadragesimo</span> <span class='ocrx_word' id='word_1_245' title='bbox 852 4346 1010 4429; x_wconf 81' lang='lat' dir='ltr'>septimo,</span> 
     </span>
    </p>
   </div>
   <div class='ocr_carea' id='block_1_4' title="bbox 262 4488 1367 4657">
    <p class='ocr_par' dir='ltr' id='par_1_4' title="bbox 262 4488 1367 4657">
     <span class='ocr_line' id='line_1_36' title="bbox 262 4488 1367 4576; baseline -0.006 -14"><span class='ocrx_word' id='word_1_246' title='bbox 262 4499 303 4576; x_wconf 86' lang='lat'>58</span> <span class='ocrx_word' id='word_1_247' title='bbox 323 4516 353 4560; x_wconf 87' lang='lat' dir='ltr'>v.</span> <span class='ocrx_word' id='word_1_248' title='bbox 407 4489 494 4571; x_wconf 85' lang='lat'>(214)</span> <span class='ocrx_word' id='word_1_249' title='bbox 543 4489 752 4552; x_wconf 74' lang='lat' dir='ltr'>Onniuncio</span> <span class='ocrx_word' id='word_1_250' title='bbox 797 4488 983 4553; x_wconf 64' lang='lat' dir='ltr'>Cilurnum</span> <span class='ocrx_word' id='word_1_251' title='bbox 1022 4507 1060 4553; x_wconf 83' lang='lat' dir='ltr'>ru</span> <span class='ocrx_word' id='word_1_252' title='bbox 1104 4490 1269 4554; x_wconf 78' lang='lat' dir='ltr'>CAPELLA</span> <span class='ocrx_word' id='word_1_253' title='bbox 1311 4509 1367 4556; x_wconf 82' lang='lat' dir='ltr'>Bu.</span> 
     </span>
     <span class='ocr_line' id='line_1_37' title="bbox 306 4592 839 4657; baseline 0 0"><span class='ocrx_word' id='word_1_254' title='bbox 306 4594 427 4657; x_wconf 80' lang='lat' dir='ltr'>Mnnm</span> <span class='ocrx_word' id='word_1_255' title='bbox 452 4610 490 4656; x_wconf 79' lang='lat' dir='ltr'>ni</span> <span class='ocrx_word' id='word_1_256' title='bbox 515 4592 839 4657; x_wconf 71' lang='lat' dir='ltr'>Srirnssnvccirr.</span> 
     </span>
    </p>
   </div>
   <div class='ocr_carea' id='block_1_5' title="bbox 262 4709 1370 4900">
    <p class='ocr_par' dir='ltr' id='par_1_5' title="bbox 262 4709 1370 4900">
     <span class='ocr_line' id='line_1_38' title="bbox 349 4709 1369 4796; baseline 0.001 -21"><span class='ocrx_word' id='word_1_257' title='bbox 349 4709 524 4775; x_wconf 88' lang='lat' dir='ltr'>Vniuersis</span> <span class='ocrx_word' id='word_1_258' title='bbox 552 4729 577 4773; x_wconf 89' lang='lat' dir='ltr'>s.</span> <span class='ocrx_word' id='word_1_259' title='bbox 609 4730 654 4773; x_wconf 89' lang='lat' dir='ltr'>m.</span> <span class='ocrx_word' id='word_1_260' title='bbox 685 4730 713 4774; x_wconf 91' lang='lat' dir='ltr'>e.</span> <span class='ocrx_word' id='word_1_261' title='bbox 745 4716 818 4773; x_wconf 88' lang='lat' dir='ltr'>tam</span> <span class='ocrx_word' id='word_1_262' title='bbox 847 4731 933 4794; x_wconf 89' lang='lat' dir='ltr'>pres.</span> <span class='ocrx_word' id='word_1_263' title='bbox 965 4731 1071 4794; x_wconf 91' lang='lat' dir='ltr'>quam</span> <span class='ocrx_word' id='word_1_264' title='bbox 1100 4711 1163 4775; x_wconf 83' lang='lat' dir='ltr'>tut.</span> <span class='ocrx_word' id='word_1_265' title='bbox 1196 4718 1369 4796; x_wconf 89' lang='lat' dir='ltr'>presentes</span> 
     </span>
     <span class='ocr_line' id='line_1_39' title="bbox 262 4814 1370 4900; baseline 0.002 -20"><span class='ocrx_word' id='word_1_266' title='bbox 262 4817 378 4882; x_wconf 86' lang='lat' dir='ltr'>literas</span> <span class='ocrx_word' id='word_1_267' title='bbox 407 4814 601 4900; x_wconf 87' lang='lat' dir='ltr'>tripartitas</span> <span class='ocrx_word' id='word_1_268' title='bbox 629 4814 842 4900; x_wconf 80' lang='lat' dir='ltr'>inspecturis,</span> <span class='ocrx_word' id='word_1_269' title='bbox 891 4814 1040 4881; x_wconf 82' lang='lat' dir='ltr'>Rob’tus</span> <span class='ocrx_word' id='word_1_270' title='bbox 1068 4815 1111 4880; x_wconf 92' lang='lat' dir='ltr'>de</span> <span class='ocrx_word' id='word_1_271' title='bbox 1140 4816 1305 4882; x_wconf 87' lang='lat' dir='ltr'>Duresme</span> <span class='ocrx_word' id='word_1_272' title='bbox 1334 4823 1370 4883; x_wconf 91' lang='lat' dir='ltr'>et</span> 
     </span>
    </p>
   </div>
   <div class='ocr_carea' id='block_1_6' title="bbox 1441 1230 1549 1281">
    <p class='ocr_par' dir='ltr' id='par_1_6' title="bbox 1441 1230 1549 1281">
     <span class='ocr_line' id='line_1_40' title="bbox 1441 1230 1549 1281; baseline 0.009 -1"><span class='ocrx_word' id='word_1_273' title='bbox 1441 1233 1515 1281; x_wconf 67' lang='lat'>1447,</span> <span class='ocrx_word' id='word_1_274' title='bbox 1545 1230 1549 1244; x_wconf 87' lang='lat'>&#39;</span> 
     </span>
    </p>
   </div>
   <div class='ocr_carea' id='block_1_7' title="bbox 1377 1289 1576 1346">
    <p class='ocr_par' dir='ltr' id='par_1_7' title="bbox 1377 1289 1576 1346">
     <span class='ocr_line' id='line_1_41' title="bbox 1377 1289 1576 1346; baseline -0.005 -11"><span class='ocrx_word' id='word_1_275' title='bbox 1377 1289 1441 1337; x_wconf 88' lang='lat' dir='ltr'>Dec.</span> <span class='ocrx_word' id='word_1_276' title='bbox 1454 1301 1485 1335; x_wconf 88' lang='lat'>22</span> <span class='ocrx_word' id='word_1_277' title='bbox 1495 1302 1525 1336; x_wconf 92' lang='lat' dir='ltr'>or</span> <span class='ocrx_word' id='word_1_278' title='bbox 1535 1300 1576 1346; x_wconf 85' lang='lat'>24.</span> 
     </span>
    </p>
   </div>
   <div class='ocr_carea' id='block_1_8' title="bbox 1398 2044 1558 2174">
    <p class='ocr_par' dir='ltr' id='par_1_8' title="bbox 1398 2044 1558 2174">
     <span class='ocr_line' id='line_1_42' title="bbox 1398 2044 1558 2107; baseline -0.019 -15"><span class='ocrx_word' id='word_1_279' title='bbox 1398 2045 1468 2107; x_wconf 76' lang='lat' dir='ltr'>nup.</span> <span class='ocrx_word' id='word_1_280' title='bbox 1485 2044 1558 2107; x_wconf 86' lang='lat' dir='ltr'>John</span> 
     </span>
     <span class='ocr_line' id='line_1_43' title="bbox 1425 2112 1540 2174; baseline 0 -15"><span class='ocrx_word' id='word_1_281' title='bbox 1425 2112 1540 2174; x_wconf 85' lang='lat' dir='ltr'>Kempe.</span> 
     </span>
    </p>
   </div>
   <div class='ocr_carea' id='block_1_9' title="bbox 1405 4716 1569 4774">
    <p class='ocr_par' dir='ltr' id='par_1_9' title="bbox 1405 4716 1569 4774">
     <span class='ocr_line' id='line_1_44' title="bbox 1405 4716 1569 4774; baseline 0.012 -14"><span class='ocrx_word' id='word_1_282' title='bbox 1405 4716 1569 4774; x_wconf 83' lang='lat'>1377-1388.</span> 
     </span>
    </p>
   </div>
   <div class='ocr_carea' id='block_1_10' title="bbox 0 0 1712 5650">
    <p class='ocr_par' dir='ltr' id='par_1_10' title="bbox 0 0 1712 5650">
     <span class='ocr_line' id='line_1_45' title="bbox 0 0 1712 5650; baseline 0 0"><span class='ocrx_word' id='word_1_283' title='bbox 0 0 1712 5650; x_wconf 95' lang='lat' dir='ltr'> </span> 
     </span>
    </p>
   </div>
  </div>
 </body>
</html>
