3392 5650
641 713 734 778 Acrs
757 732 803 779 or
826 714 1005 781 Cuneren.
1317 734 1377 799 105

230 923 232 928 ·
269 897 494 963 existencium
532 896 566 960 in
605 895 715 958 forma
751 894 1011 958 constitucionis
1048 916 1150 978 super
1186 897 1251 960 hoc
1287 896 1379 961 edite

269 1003 505 1076 concedentes
527 1000 625 1064 salua
645 998 744 1062 nobis
764 1004 939 1081 potestate
961 999 1037 1083 alijs
1058 1021 1149 1065 exec.
1172 1001 1242 1065 suis
1262 1001 1379 1067 huius-

232 1102 234 1105 ’
269 1107 362 1171 modi
383 1104 720 1171 administracionem
740 1104 980 1168 committendi
1000 1126 1079 1169 cum
1099 1126 1175 1169 eam
1195 1106 1378 1171 admittere

269 1211 452 1276 voluerint.
501 1210 541 1273 In
579 1230 607 1273 c.
648 1228 672 1272 r.
714 1214 738 1271 t.
778 1208 837 1292 sig.
878 1215 1036 1273 nostrum
1074 1211 1289 1293 presentibus
1327 1218 1378 1275 est

267 1335 468 1400 appensum.
517 1314 598 1378 Dat.
620 1312 780 1377 Dunelm.
801 1312 855 1377 die
875 1319 909 1377 et
929 1335 1019 1378 anno
1038 1314 1254 1398 supradictis,

314 1481 401 1564 (166)
427 1481 639 1545 Bacrnmuc
660 1496 705 1544 or
726 1477 827 1542 Wnc
847 1496 893 1542 on
914 1478 997 1561 Jon.
1022 1498 1070 1543 on
1092 1480 1330 1546 chnnnuno.

357 1624 397 1688 In
425 1622 489 1687 Dei
515 1622 663 1696 nomine,
692 1620 812 1685 Amen.
861 1621 936 1684 xix⁰
962 1621 1016 1686 die
1043 1623 1167 1686 mensis
1195 1624 1373 1688 Decembr.

267 1728 368 1793 Anno
396 1727 477 1791 D'ni
506 1726 684 1790 Millesimo
709 1737 808 1789 cccm0
834 1724 966 1809 Nonog.
995 1732 1130 1802 octau0,
1158 1728 1232 1811 Ego
1258 1728 1376 1811 Joh'es

267 1833 310 1897 de
333 1831 561 1906 Richemund,
584 1851 724 1913 compos
746 1830 882 1905 mentis
905 1830 1026 1894 videns
1048 1832 1168 1895 mortis
1189 1833 1378 1915 periculum

268 1936 371 2002 michi
385 1936 535 2011 iminere,
551 1935 663 1999 condo
677 1940 927 1999 testamentum
941 1956 1057 2000 meum
1071 1936 1105 2000 in
1120 1937 1211 2000 hunc
1225 1937 1377 2001 modum.

268 2042 308 2107 In
336 2042 455 2125 primis
482 2041 556 2125 lego
584 2040 737 2104 animam
765 2059 878 2104 meam
906 2040 980 2103 Deo
1008 2041 1249 2123 omnipotenti,
1279 2043 1380 2106 beate

266 2146 372 2210 Marie
395 2146 529 2231 virgini,
555 2151 589 2209 et
614 2145 774 2208 omnibus
797 2144 926 2208 sanctis
951 2145 1032 2220 eiuS,
1058 2151 1092 2209 et
1117 2166 1240 2229 corpus
1264 2167 1379 2211 meum

265 2251 309 2315 ad
329 2250 563 2334 sepeliendum
584 2249 618 2313 in
640 2248 814 2312 Cimiterio
835 2249 973 2313 ecclesie
994 2250 1088 2313 beati
1110 2250 1201 2314 Petri
1222 2250 1379 2335 Apostoli

267 2355 404 2439 Ripon',
426 2360 460 2419 et
480 2353 555 2436 lego
576 2374 704 2437 equum
725 2374 840 2417 meum
861 2373 923 2436 pro
943 2355 1133 2418 rnortuario
1154 2376 1240 2420 me0.
1289 2356 1379 2420 Item

264 2460 339 2545 lego
366 2459 578 2523 fraternitati
605 2459 698 2522 beati
724 2456 872 2521 Wilfridi
900 2458 1024 2541 Ripon'
1052 2459 1116 2542 vjs.
1145 2459 1241 2543 viijd.
1291 2460 1380 2525 Item

264 2564 339 2649 lego
359 2585 420 2647 pro
440 2564 581 2628 decimis
600 2563 685 2627 meis
708 2563 776 2644 (leli
794 2562 1009 2647 unfinislred).

622 2731 710 2813 (167)
739 2730 1024 2796 Manonnnouu.

353 2873 615 2938 Memorandum
632 2873 727 2956 quod
745 2872 799 2936 die
818 2872 937 2936 Sancti
955 2872 1102 2948 Andree,
1121 2874 1222 2938 Anno
1240 2875 1379 2939 Domini

191 3033 194 3039 .
265 2978 444 3042 Millesimo
466 3030 472 3042 .
497 3029 503 3042 .
527 2993 549 3042 .1
570 2977 721 3061 quedam
742 2977 925 3041 concordia
945 2977 1034 3041 inter
1056 3029 1061 3042 .
1086 3030 1092 3042 .
1117 3030 1122 3043 .
1145 2999 1254 3063 nuper
1273 2979 1377 3047 vicar.

264 3083 403 3148 ecclesie
435 3082 538 3167 Colig.
575 3082 699 3165 Ripon'
734 3088 767 3145 et
802 3133 809 3146 .
845 3133 851 3146 .
889 3133 894 3145 .
929 3103 1020 3146 nunc
1052 3083 1219 3147 vicarium
1251 3083 1379 3148 ibidem

263 3187 465 3268 intitulatur
491 3239 496 3250 .
525 3238 531 3251 .
560 3239 566 3251 .
592 3187 627 3251 in
651 3187 713 3250 hec
737 3188 843 3250 verba
867 3207 947 3251 cum
971 3208 1013 3251 ex
1039 3240 1045 3252 .
1074 3239 1079 3252 .
1108 3240 1114 3252 .
1140 3189 1310 3253 ecclesie.

264 3313 463 3357 concessum
486 3298 537 3355 est
562 3343 600 3356 .,.
628 3343 634 3355 .
657 3311 768 3375 nuper
789 3291 894 3356 vicar.
919 3291 1072 3355 eiusdem
1097 3345 1103 3357 .
1130 3345 1136 3357 .
1163 3345 1169 3357 .
1193 3294 1380 3377 quemdam

265 3417 419 3461 annuum
447 3395 651 3460 redditum.
678 3447 683 3460 .
710 3447 716 3460 .
740 3397 922 3460 annuatim
950 3397 1210 3485 percipiendum
1236 3397 1281 3462 ad
1303 3398 1380 3481 iiij0r

265 3501 347 3565 anni
373 3501 538 3565 terminos
564 3501 711 3564 durante
738 3501 813 3564 vita
838 3501 991 3565 eiusdem
1019 3553 1025 3566 .
1056 3554 1062 3566 .
1093 3554 1099 3566 .
1128 3501 1378 3567 Nichilominus

264 3604 378 3670 dictus
395 3657 401 3669 .
421 3657 427 3670 .
446 3656 453 3670 .
470 3605 627 3669 concedit
643 3626 684 3668 ex
700 3605 838 3688 propria
853 3605 1035 3670 voluntate
1050 3627 1112 3671 sua
1127 3606 1221 3684 dicto
1237 3607 1375 3691 Hugoni

264 3709 453 3794 quemlibet
490 3709 675 3773 terminum
709 3708 779 3772 xld.
813 3730 919 3793 quam
955 3709 1014 3775 diu
1047 3710 1160 3776 dictus
1197 3763 1203 3776 .
1242 3763 1248 3776 .
1288 3734 1311 3776 .“
1331 3712 1376 3776 sit

265 3814 398 3879 locatus
414 3814 458 3878 ad
475 3814 593 3878 diuina
609 3813 800 3878 celebrand.
819 3820 854 3878 et
870 3835 938 3878 non
955 3815 1114 3892 vicarius,
1131 3817 1191 3880 sed
1208 3816 1377 3881 remaniat

265 3918 311 3983 ad
329 3919 531 4003 pencionem
549 3938 648 3983 suam
667 3917 914 4001 supradictam.

265 4083 306 4161 48
326 4102 357 4147 v.
402 4086 489 4169 (168)
506 4086 781 4151 Tasrnnanrun
796 4087 972 4151 Mnorsnu
987 4087 1107 4169 Jon'rs
1122 4105 1169 4151 on
1183 4088 1379 4152 Cnnrrnntr

310 4193 500 4258 canonici.

354 4335 479 4400 Pateat
509 4333 676 4398 uniuersis
706 4354 766 4417 per
795 4340 969 4417 presentes
998 4335 1093 4419 quod
1123 4356 1184 4420 ego
1215 4336 1377 4420 Magister

266 4440 385 4524 Joh’es
407 4438 456 4502 de
484 4437 653 4513 Crakhall,
679 4437 871 4502 Canonicus
899 4438 978 4503 eccl.
1005 4438 1141 4522 Rypon'
1171 4446 1205 4504 et
1233 4441 1375 4523 preben-
1435 4447 1442 4460 ‘
1498 4451 1542 4462 ··

266 4545 383 4610 darius
399 4542 571 4628 prebende
587 4543 630 4607 de
647 4542 867 4627 Staynewegs
884 4543 918 4607 in
936 4542 1055 4608 eadem
1072 4543 1150 4608 dedi
1172 4550 1206 4609 et
1226 4546 1377 4609 concessi

266 4647 382 4715 omnia
425 4648 517 4712 bona
559 4653 594 4711 et
637 4647 763 4712 catalla
806 4668 884 4711 mea
927 4648 1067 4712 mobilia
1110 4654 1145 4713 et
1188 4649 1378 4715 immobilia

337 4832 346 4856 ¹
364 4824 453 4874 These
466 4824 531 4873 dots
544 4828 686 4888 represent
698 4839 822 4873 erasures
835 4823 865 4874 oi
877 4839 929 4874 one
943 4829 973 4874 to
986 4824 1063 4874 three
1076 4840 1107 4874 or
1120 4826 1182 4875 iour
1195 4825 1292 4875 words
