3392 5650
220 694 229 710 ’
328 718 391 781 232
614 702 693 765 Tne
718 702 874 765 Incursu
898 702 1145 765 Mnnuscrupr.

326 880 361 943 id
385 880 610 964 exigentibus,
637 879 752 944 licebit
777 880 937 964 Capitulo
962 879 1099 944 ecclesie
1124 878 1277 963 predicte
1302 878 1434 942 fructus

326 984 489 1059 redditus
521 991 556 1048 et
585 990 773 1069 prouentus
802 984 985 1049 cuiuslibet
1015 983 1187 1069 prebende
1216 982 1430 1068 prebendarij

324 1088 372 1152 sic
392 1110 514 1173 capam
535 1088 665 1153 soluere
685 1089 885 1173 necligentis
906 1109 965 1153 seu
986 1088 1176 1153 recusantis
1197 1088 1231 1152 in
1252 1088 1316 1152 hac
1337 1092 1435 1172 parte

325 1198 549 1276 sequestrare,
562 1200 597 1257 et
609 1214 726 1258 eorum
739 1193 947 1257 auctoritate
959 1193 1001 1256 de
1013 1192 1140 1256 eisdem
1153 1192 1201 1258 sic
1212 1192 1435 1276 sequestratis

326 1297 443 1361 decern
455 1297 559 1361 libras
572 1318 634 1382 pro
647 1298 741 1362 dicta
753 1319 840 1381 capa
853 1298 1016 1382 preciosa,
1032 1297 1260 1381 dampnisque
1273 1297 1435 1360 interesse

326 1401 416 1466 dicte
432 1401 568 1466 ecclesie
584 1402 721 1466 nomine
736 1422 822 1486 pene
838 1401 931 1486 apud
946 1422 981 1465 se
997 1402 1152 1477 retinere,
1172 1401 1207 1465 in
1223 1401 1435 1485 empcionem

325 1527 406 1570 vero
430 1506 626 1570 huiusmodi
649 1527 733 1591 cape
757 1507 906 1590 preciose
930 1512 964 1569 et
989 1527 1057 1570 non
1082 1505 1182 1569 aliter
1204 1526 1311 1590 quam
1334 1505 1435 1570 citius

325 1611 585 1686 conuertendas,
618 1631 831 1695 quamquam
863 1611 891 1674 si
922 1611 999 1695 quis
1032 1610 1243 1694 prebendam
1275 1611 1310 1674 in
1342 1610 1436 1674 dicta

325 1715 465 1779 ecclesia
502 1716 659 1799 adeptus
697 1722 732 1779 et
769 1715 902 1779 fructus
939 1715 1091 1779 eiusdem
1128 1715 1244 1799 aliquo
1281 1720 1435 1799 tempore

326 1820 448 1884 minori
481 1840 587 1903 quam
622 1821 764 1884 triennis
797 1820 997 1904 percipiens
1033 1820 1109 1903 ipsa
1142 1840 1184 1883 ex
1217 1840 1435 1903 quacumque

325 1944 429 1987 causa
454 1923 604 2000 dimissa,
632 1923 734 1988 aliam
760 1924 794 1988 in
820 1924 940 1988 eadem
966 1930 1143 1988 assecutus
1168 1924 1271 1987 fuerit
1296 1923 1437 1988 ecclesia

325 2028 535 2112 prebendam
576 2010 737 2102 eiusdem,
779 2029 862 2112 quia
901 2028 1048 2093 secunde
1090 2028 1262 2112 prebende
1302 2028 1436 2093 fructus

327 2138 426 2196 tanto
451 2139 605 2216 tempore
630 2133 828 2217 perceperit,
855 2140 988 2217 quanto
1013 2153 1092 2197 cum
1118 2138 1273 2216 tempore
1298 2153 1435 2217 percep-

325 2243 440 2300 torum
461 2237 636 2301 fructuum
656 2238 777 2321 prioris
796 2258 856 2301 sue
876 2237 1058 2321 prebende,
1081 2238 1268 2302 triennium
1288 2237 1436 2321 comple-

326 2348 402 2405 tum
421 2341 555 2405 efficiat.
604 2342 650 2405 Et
670 2348 764 2416 tunc,
784 2342 812 2405 si
832 2362 893 2426 per
911 2363 1019 2407 vnum
1039 2346 1170 2406 annum
1190 2342 1224 2407 in
1245 2341 1436 2406 tradicione

326 2445 521 2509 huiusmodi
556 2467 640 2529 cape
675 2446 844 2531 necligens
879 2467 939 2510 seu
974 2447 1135 2510 remissus
1170 2446 1284 2521 fuerit,
1320 2446 1438 2510 licebit

326 2549 419 2613 dicto
432 2549 591 2633 Capitulo
604 2551 747 2625 tructus,
761 2551 926 2626 redditus
941 2556 975 2614 et
988 2556 1177 2635 prouentus
1189 2551 1278 2615 illius
1289 2551 1437 2615 secunde

325 2675 385 2717 sue
411 2655 582 2738 prebende
608 2676 725 2719 eorum
752 2655 961 2719 auctoritate
987 2655 1126 2740 propria
1151 2661 1374 2739 sequestrare,
1402 2661 1437 2719 et

327 2758 369 2822 de
389 2758 436 2822 sic
457 2760 680 2844 sequestratis
700 2759 790 2825 illius
811 2759 981 2825 fructibus
1002 2760 1119 2851 decem
1139 2759 1243 2825 libras
1264 2781 1305 2824 ex
1326 2760 1437 2826 causis

326 2864 499 2948 premissis
525 2865 670 2929 retinere
695 2865 730 2930 in
756 2865 969 2949 empcionem
995 2886 1079 2950 cape
1105 2865 1257 2949 predicte
1283 2871 1438 2930 tantum-

327 2968 430 3032 modo
449 2975 489 3033 vt
508 2969 722 3053 premittitur
739 2969 1000 3034 conuertendas

123 3118 300 3191 Starutumde
416 3110 502 3174 Cum
529 3111 647 3194 itaque
675 3111 709 3174 in
737 3111 831 3175 dicta
858 3110 999 3175 ecclesia
1026 3111 1163 3195 Rypon'
1192 3116 1366 3176 statutum
1393 3112 1438 3175 sit

120 3185 308 3314 p'ssffffif‘d
328 3220 363 3277 et
387 3215 580 3298 antiquitus
603 3215 801 3280 ordinatum
824 3215 920 3300 quod
942 3216 977 3279 in
1001 3215 1100 3279 terris
1124 3221 1158 3279 et
1182 3216 1341 3281 domibus
1364 3238 1438 3301 pre-

125 3317 298 3368 annotandis.
329 3318 519 3383 bendarum
541 3319 612 3382 siue
634 3319 669 3383 in
692 3319 774 3404 ipsis
796 3319 978 3403 prebendis
1000 3319 1215 3384 dimittendis
1238 3320 1283 3385 ad
1304 3320 1439 3385 firmam

329 3445 349 3486 a
373 3429 526 3507 tempore
550 3423 702 3487 eiusdem
725 3424 852 3487 statuti
875 3445 978 3508 super
1001 3426 1065 3489 hoc
1089 3424 1172 3488 editi
1196 3414 1387 3490 Canonicus
1410 3426 1438 3489 si

328 3526 475 3591 voluerit
505 3547 567 3611 pro
594 3527 707 3612 equali
738 3528 851 3612 precio
882 3527 958 3612 alijs
989 3529 1190 3613 preferatur,
1219 3535 1253 3593 et
1284 3530 1312 3594 si
1342 3551 1439 3595 secus

329 3637 446 3695 actum
469 3632 571 3696 fuerit
594 3653 663 3696 non
686 3632 802 3696 valeat
825 3632 900 3716 ipso
924 3633 1005 3698 iure.
1053 3635 1100 3697 Et
1123 3634 1368 3718 prebendarius
1391 3635 1439 3699 sic

328 3735 506 3801 dimittens
526 3736 570 3800 ad
589 3735 724 3800 firmam
744 3742 946 3802 extraneum
962 3737 1126 3802 canonico
1143 3738 1343 3822 preferendo
1363 3760 1436 3802 xxs.

329 3840 389 3904 tali
417 3841 613 3905 dimissione
641 3841 789 3905 durante
817 3841 998 3906 annuatim
1026 3842 1154 3906 fabrice
1182 3842 1273 3906 dicte
1300 3843 1437 3908 ecclesie

328 3944 457 4008 soluere
500 3950 668 4010 teneatur.
717 3945 881 4010 Nonnulli
926 3953 1043 4010 tamen
1085 3947 1120 4010 in
1163 3946 1257 4011 dicta
1298 3946 1439 4012 ecclesia

328 4049 541 4133 prebendarij
565 4050 761 4115 huiusmodi
780 4055 954 4115 statutum
974 4052 1155 4115 obseruare
1174 4072 1243 4115 non
1263 4059 1436 4128 curantes,

327 4153 387 4217 sed
415 4153 525 4217 eidem
554 4174 671 4218 eorum
700 4155 894 4219 iuramento
922 4155 956 4219 in
986 4176 1026 4219 ea
1060 4161 1159 4239 parte
1194 4156 1339 4239 prestito
1368 4178 1437 4221 non

328 4259 499 4333 obstante,
529 4279 686 4342 expresse
714 4259 1023 4335 contrauenientes,
1054 4265 1235 4324 extraneos
1264 4261 1438 4326 canonicis

327 4362 527 4445 preferendo
554 4383 633 4427 suas
661 4363 852 4446 prebendas
879 4363 960 4447 ipsis
988 4364 1170 4440 extraneis,
1199 4385 1318 4447 ymmo
1345 4386 1437 4429 mere

326 4465 430 4542 laicis
458 4466 502 4530 ad
527 4466 662 4531 firmam
688 4467 861 4532 dimittere
886 4489 955 4532 non
981 4474 1154 4544 verentur,
1182 4469 1216 4532 in
1242 4470 1437 4535 animarum

326 4591 465 4635 suarum
478 4591 581 4656 graue
594 4571 782 4656 periculum
795 4572 954 4657 dicteque
967 4572 1104 4637 ecclesie
1117 4594 1221 4658 graue
1233 4574 1436 4640 scandalum

327 4680 361 4739 et
383 4674 608 4759 preiudicium
631 4676 863 4752 manifestum,
888 4677 959 4741 Nos
982 4697 1073 4752 uer0,
1098 4677 1319 4742 attendentes
1341 4679 1437 4763 quod

327 4781 459 4845 tructus
496 4777 549 4864 (80
562 4782 606 4865 v.)
642 4781 884 4846 beneficiorum
919 4781 1226 4847 ecclesiasticorum
1262 4783 1357 4848 laicis
1391 4784 1437 4850 ad
