3392 5650
518 691 520 695 ’
583 696 677 761 Acrs
700 714 746 762 or
769 695 948 761 CHAPTER.
1260 694 1322 780 169

211 877 315 938 matri
340 875 492 959 predicte
516 875 642 959 xpiane
665 875 675 959 j
704 882 821 960 togam
845 875 887 939 de
911 875 1027 939 blodio
1051 876 1219 940 furratam
1243 897 1322 940 cum

211 979 315 1062 Gray,
346 985 380 1043 et
408 979 418 1062 j
450 980 622 1044 colobium
650 980 692 1043 de
721 980 883 1045 Skarlett.
932 980 1022 1044 Item
1050 980 1125 1065 lego
1154 979 1251 1044 Ric'o
1280 980 1322 1044 de

213 1083 420 1168 Kelynghall
447 1084 468 1167 ij
498 1084 656 1148 cocliaria
682 1091 855 1169 argentea.
904 1084 1094 1149 Residuum
1120 1106 1202 1148 vero
1229 1105 1319 1149 omn.

209 1188 379 1252 bonorum
401 1210 556 1253 meorum
578 1188 622 1252 do
644 1195 678 1252 et
700 1189 775 1273 lego
796 1189 1008 1253 ordinacioni
1030 1189 1189 1253 d'norum
1211 1189 1322 1272 Joh'is

209 1292 252 1355 de
283 1294 379 1356 Dene
410 1299 444 1356 et
476 1293 587 1376 Joh’is
617 1294 659 1357 de
692 1293 911 1378 Kelynghall,
943 1314 1030 1377 quos
1061 1294 1234 1357 constituo
1265 1315 1322 1357 ex-

209 1403 364 1461 ecutores
385 1418 479 1461 meos
501 1404 540 1461 vt
562 1398 626 1481 ipsi
648 1398 807 1462 ordinent
829 1419 892 1481 pro
914 1398 1029 1462 anima
1050 1418 1128 1462 mea
1148 1404 1252 1481 prout
1274 1398 1321 1462 eis

209 1501 329 1566 melius
347 1501 496 1565 viderint
514 1502 683 1585 expedire,
703 1509 758 1567 etc.
819 1503 1022 1582 (Probatum
1039 1509 1091 1566 est
1108 1523 1168 1585 per
1185 1502 1319 1585 Capua

211 1719 299 1798 (252)
338 1717 449 1779 Corin
485 1733 712 1781 rssrnnenrr
750 1717 870 1800 Jon’rs
908 1733 956 1779 os
994 1716 1232 1780 chnanono
1270 1734 1318 1780 oa

255 1820 571 1885 Srnrnssmoonrs.

298 1987 338 2051 ln
354 1988 418 2051 Dei
432 1988 580 2063 nomine,
596 1988 717 2052 Amen.
765 1987 829 2051 Die
844 1988 970 2051 mensis
983 2008 1080 2071 pron
1097 1993 1175 2071 post
1191 1988 1317 2052 festum

209 2091 415 2156 Natiuitatis
438 2092 539 2156 beate
563 2092 668 2155 Marie
689 2091 837 2177 Virginis
857 2092 958 2155 Anno
982 2092 1063 2155 D'ni
1087 2092 1204 2155 Mill'io
1224 2103 1318 2156 ccc¹¹¹⁰

209 2197 430 2281 nonogesimo
458 2217 559 2272 nono,
590 2197 664 2281 Ego
692 2196 810 2279 Joh’es
838 2196 880 2260 de
910 2196 1136 2272 Richemund,
1166 2197 1255 2261 bone
1283 2204 1317 2262 et

208 2321 290 2364 sane
311 2301 483 2376 memorie,
506 2300 617 2365 condo
639 2306 887 2365 testamentum
909 2301 943 2364 in
964 2300 1055 2365 hunc
1076 2300 1227 2366 modum.
1277 2302 1317 2366 ln

208 2405 336 2488 primis,
361 2404 435 2490 lego
458 2405 609 2469 animam
632 2426 745 2469 meam
767 2406 841 2469 Deo
863 2405 1114 2489 Omnipotenti,
1138 2412 1172 2469 et
1195 2426 1317 2491 corpus

207 2529 322 2573 meum
357 2509 402 2573 ad
435 2509 669 2593 sepeliendum
703 2510 738 2573 in
772 2509 940 2574 cimiterio
974 2509 1067 2573 beati
1101 2509 1248 2574 Wiltridi
1282 2511 1317 2575 in

208 2612 357 2696 Rypon'.
406 2613 450 2677 It'
489 2613 564 2698 lego
601 2634 663 2697 pro
699 2613 930 2678 celebracione
967 2613 1218 2678 Trentallarum
1255 2636 1317 2699 pro

207 2717 323 2781 anima
346 2737 423 2781 mea
444 2737 505 2801 per
527 2717 723 2801 capellanos
742 2718 905 2801 ydoneos,
923 2739 945 2780 x
967 2717 1000 2782 li.
1049 2717 1092 2781 It'
1111 2717 1185 2803 lego
1204 2719 1317 2783 eccl'ie

207 2820 250 2884 de
282 2821 537 2907 Bemyngham,
570 2821 632 2886 xls.
681 2821 725 2886 It'
758 2821 833 2907 lego
861 2843 999 2897 ,summo
1031 2821 1131 2887 altari
1163 2822 1241 2888 eccl.
1275 2824 1317 2888 de

209 2926 463 3010 Bemyngham,
484 2947 599 2990 meum
618 2927 791 3010 optimum
810 2927 1067 2991 vestimentum.
1116 2927 1160 2991 It’
1180 2927 1255 3013 lego
1273 2929 1318 2993 ad

208 3030 380 3113 picturam
400 3031 570 3116 ymaginis
590 3031 656 3095 S'ci
676 3030 861 3106 Michaelis,
882 3051 956 3095 xxs
1005 3030 1049 3094 It’
1070 3031 1144 3116 lego
1164 3031 1254 3114 Joh'i
1276 3033 1318 3097 de

208 3134 348 3218 Euesby
374 3134 417 3198 de
444 3135 672 3211 Richemund,
700 3156 774 3200 xxs.
824 3135 868 3198 lt'
896 3134 970 3219 lego
997 3135 1186 3220 Margarete
1212 3137 1318 3200 sorori

208 3259 282 3302 mee
313 3259 426 3303 meam
458 3239 627 3322 optimam
658 3240 790 3323 peciam
821 3239 953 3324 argenti
984 3260 1063 3303 cum
1093 3242 1316 3324 coopertorio

208 3342 252 3407 It'
273 3342 348 3428 lego
366 3364 426 3407 sex
444 3343 636 3427 Capellanis
654 3344 864 3408 secularibus
882 3343 1000 3408 diuina
1018 3343 1238 3409 celebraturis
1255 3367 1318 3430 pro

208 3447 324 3511 anima
346 3469 423 3512 mea
445 3454 480 3512 et
502 3469 564 3532 pro
587 3449 769 3513 animabus
791 3449 917 3533 quibus
940 3469 1036 3513 orare
1059 3454 1177 3513 teneor
1198 3456 1233 3513 et
1255 3471 1317 3534 pro

207 3552 389 3616 animabus
422 3552 464 3616 de
497 3553 623 3636 quibus
656 3553 787 3637 aliquid
820 3553 945 3617 iniuste
978 3553 1084 3617 habui
1116 3574 1177 3637 per
1209 3576 1317 3619 vnum

207 3677 348 3732 annum,
387 3656 470 3740 xxiij
511 3657 544 3721 li.
593 3657 683 3721 Item
720 3657 800 3722 volo
837 3657 931 3742 quod
968 3657 1113 3741 predicti
1151 3659 1317 3742 capellani

207 3760 456 3843 provideantur
472 3767 507 3825 et
525 3760 727 3826 ordinentur
744 3782 804 3845 per
822 3762 919 3825 d'nm
938 3761 1111 3826 Simonem
1129 3762 1171 3826 de
1190 3763 1317 3827 Carlele

207 3870 242 3928 et
278 3864 415 3947 Joh’em
450 3865 592 3929 tratrem
628 3866 699 3930 eius
735 3872 769 3929 et
805 3871 1004 3930 executores
1039 3886 1142 3930 meos.
1191 3867 1234 3931 It'
1272 3868 1317 3932 do

207 3969 419 4033 Lonwathe²
456 3969 611 4034 clausum
654 3990 769 4034 meum
815 3970 916 4034 rectis
961 3970 1142 4034 heredibus
1186 3971 1317 4036 Thome

206 4072 448 4157 Applegarthe.
497 4073 541 4137 It'
563 4073 608 4137 do
628 4074 758 4138 Thome
778 4073 1021 4156 Whytelambe
1040 4095 1149 4138 vnum
1166 4096 1315 4140 messua-

204 4177 299 4260 gium
343 4177 385 4260 in*
423 4177 638 4241 Richemond
681 4178 776 4262 quod
820 4197 1019 4261 recuperem
1063 4198 1181 4242 versus
1225 4200 1314 4257 eum,

205 4280 379 4345 reddendo
396 4281 475 4345 inde
493 4282 674 4345 annuatim
692 4282 795 4346 michi
813 4288 847 4369 et
865 4280 1046 4346 heredibus
1063 4281 1147 4345 meis
1163 4284 1316 4369 quinque

203 4384 330 4449 solidos
349 4385 393 4448 ad
412 4385 501 4449 testa
520 4386 660 4450 Martini
678 4393 713 4449 et
733 4386 952 4450 Pentecostes
971 4386 1067 4470 equis
1085 4387 1313 4470 porcionibus.

203 4489 250 4551 Et
289 4489 317 4552 si
356 4489 387 4552 N
391 4489 544 4553 icholaus
582 4490 773 4554 Tauernere
812 4490 940 4574 poterit
979 4497 1170 4555 monstrare
1209 4513 1314 4557 vnam

201 4599 335 4657 cartam
375 4593 546 4658 talliatam
585 4595 627 4659 de
665 4595 850 4679 mesuagijs
884 4595 972 4658 intra
1006 4596 1238 4660 Marketstede
1271 4597 1314 4662 de

507 4735 601 4742 ’-

271 4803 278 4826 ¹
299 4799 332 4847 In
346 4812 364 4848 a
375 4798 447 4848 later
459 4798 544 4848 hand.
618 4803 629 4826 ²
646 4799 685 4848 Or
698 4799 875 4850 Louwathe?
