3392 5650
604 720 698 786 Acrs
721 738 767 786 or
789 721 969 788 Chaerea.
1279 737 1342 802 209

233 911 368 964 terrena
385 900 419 964 in
436 900 629 984 spiritualia
645 907 860 966 commutare
877 923 939 985 pro
956 902 1091 978 eternis
1109 901 1220 966 condo
1238 906 1343 965 testa·
1398 966 1400 971 ,

232 1010 390 1068 mentum
413 1025 528 1069 meum
551 1005 585 1069 in
608 1005 699 1069 hunc
722 1006 875 1071 modum.
924 1007 965 1070 In
987 1006 1116 1090 primiS,
1140 1004 1343 1070 commendo

232 1108 384 1172 animam
416 1130 529 1173 meam
562 1110 636 1173 Deo
669 1110 911 1194 Omnipotenti
943 1110 988 1175 ad
1020 1110 1115 1175 cuius
1147 1110 1343 1194 ymaginem

233 1212 373 1277 condita
401 1214 518 1277 existit
547 1220 582 1277 et
610 1220 736 1288 creata,
766 1234 958 1298 corpusque
986 1235 1102 1279 meum
1129 1215 1165 1278 in
1193 1214 1343 1279 cancello

233 1316 370 1381 ecclesie
407 1338 481 1381 mee
519 1318 722 1401 parochialis
760 1318 802 1383 de
837 1319 1085 1383 Amotesham¹
1118 1318 1342 1383 ecclesiastice

234 1420 441 1485 tradendum
486 1422 669 1506 sepulture.
719 1423 808 1486 Item
854 1423 928 1507 lego
972 1443 1108 1487 summo
1153 1422 1253 1487 altari
1297 1405 1377 1486 ob'

233 1526 506 1609 redempcionem
548 1526 660 1590 anime
702 1547 786 1601 mee,
829 1533 1081 1611 parentumque
1125 1527 1201 1610 (et)2
1241 1528 1342 1591 bene-

234 1630 404 1694 factorum
434 1650 588 1694 meorum
617 1630 652 1694 in
682 1636 886 1715 perpetuam
915 1631 962 1695 rei
992 1631 1203 1706 memoriam,
1233 1652 1342 1695 vnum

233 1734 480 1798 vestimentum
517 1734 635 1798 album
673 1734 715 1798 de
753 1734 927 1800 damaske.
976 1735 1066 1799 Item
1103 1735 1178 1820 lego
1215 1734 1342 1799 fabrice

234 1838 371 1902 ecclesie
397 1839 560 1922 predicte,
588 1859 662 1903 xxs.
711 1839 801 1903 Item
827 1839 903 1924 lego
928 1838 1069 1903 cuilibet
1095 1838 1271 1922 capellano
1298 1839 1343 1903 ad

233 1943 395 2026 exequias
413 1949 448 2007 et
467 1943 607 2007 missam
625 1943 753 2008 ibidem
772 1964 834 2027 pro
853 1964 908 2007 me
927 1943 1099 2016 existenti,
1120 1943 1203 2026 xijd.
1252 1944 1342 2007 Item

232 2046 307 2131 lego
334 2047 474 2111 cuilibet
501 2046 622 2111 clerico
650 2047 694 2112 ad
721 2048 852 2111 dictam
879 2048 1019 2112 missam
1047 2054 1081 2111 et
1109 2048 1153 2111 ad
1180 2047 1342 2131 exequias

233 2152 407 2227 existenti,
431 2150 516 2235 iijd.,
541 2158 575 2216 et
599 2152 739 2216 cuilibet
762 2152 797 2216 in
820 2153 925 2216 choro
948 2152 1120 2226 existenti,
1144 2151 1203 2235 ijd.
1252 2151 1342 2215 Item

232 2256 307 2341 lego
330 2255 563 2339 pulsatoribus
587 2277 834 2340 campanarum
859 2256 997 2331 ibidem,
1022 2255 1106 2340 xijd.
1155 2248 1245 2320 Item
1268 2256 1342 2339 lego

233 2360 268 2425 C.
294 2381 320 2425 s.
346 2360 572 2426 distribuend.
598 2381 659 2444 per
682 2366 881 2425 executores
905 2381 998 2424 meos
1022 2360 1230 2444 pauperibus
1253 2360 1342 2424 inira

233 2464 431 2548 parochiam
448 2486 561 2529 meam
579 2465 621 2529 de
638 2466 874 2529 Amotesham.
923 2466 1012 2529 Item
1029 2465 1104 2549 lego
1122 2465 1166 2529 ad
1183 2463 1342 2528 emenda-

233 2569 365 2634 cionem
399 2569 534 2633 viarum
568 2570 657 2633 inter
689 2571 915 2634 Amotesham
949 2576 983 2633 et
1017 2568 1232 2645 Chalfhunt,³
1266 2589 1339 2634 xxs.

234 2674 324 2738 Item
343 2673 418 2759 lego
437 2674 567 2738 Abbati
587 2680 622 2737 et
641 2674 828 2738 conventui
848 2674 891 2737 de
910 2674 1146 2737 Misercnden4
1162 2693 1224 2757 pro
1243 2673 1342 2737 obitu

233 2799 310 2842 meo
336 2778 463 2844 ibidem
490 2778 646 2844 faciendo
672 2779 707 2843 in
732 2799 848 2843 mense
874 2784 953 2862 post
978 2778 1191 2862 sepulturam
1216 2797 1340 2853 meam,

233 2883 347 2967 xxij.
391 2883 487 2967 viijd.
537 2885 644 2948 Itemv
668 2885 807 2948 Decano
849 2884 921 2947 siue
962 2883 1107 2957 custodi,
1151 2882 1340 2957 Canonicis,

233 2988 382 3072 vicarijs,
397 2994 431 3052 et
446 2988 522 3071 alijs
535 2988 700 3052 ministris
713 2988 849 3072 Collegij
867 2988 932 3052 S’ci
946 2987 1068 3072 Georgi
1082 2987 1170 3051 intra
1183 2986 1342 3050 Castrum

233 3091 275 3156 de
313 3092 529 3176 Wyndsoure
567 3092 629 3157 xls.
678 3093 768 3156 Item
806 3092 881 3177 lego
919 3092 1047 3156 vicario
1085 3097 1119 3155 et
1158 3091 1342 3174 capellanis

233 3195 370 3260 ecclesie
392 3198 493 3261 beate
509 3197 614 3260 Marie
636 3197 678 3260 de
698 3196 896 3280 Cropredys
917 3217 979 3279 pro
1001 3195 1154 3279 exequijs
1175 3200 1210 3259 et
1232 3194 1343 3259 missis

232 3301 360 3365 ibidem
373 3321 435 3384 pro
448 3321 502 3364 me
519 3301 693 3375 faciendis,
711 3321 761 3365 xs
811 3301 901 3364 Item
920 3300 995 3385 lego
1016 3299 1051 3365 C.
1070 3320 1096 3364 s.
1115 3299 1340 3365 distribuend.

232 3405 267 3468 in
301 3404 456 3488 predicta
490 3405 653 3489 parochia
685 3405 776 3469 inter
808 3425 976 3488 pauperes
1009 3424 1071 3489 pro
1104 3404 1220 3469 anima
1253 3423 1340 3468 mea.

233 3508 323 3573 Item
352 3508 427 3594 lego
455 3509 639 3584 canonicis
669 3509 818 3592 vicarijs,
848 3515 883 3573 et
912 3509 988 3592 alijs
1017 3508 1181 3573 ministris
1209 3507 1338 3592 collegij

234 3613 300 3677 S'ci
329 3613 422 3677 Petri
450 3613 493 3677 de
523 3613 636 3697 Ripon
666 3614 793 3678 ibidem
818 3614 1071 3678 celebrantibus
1094 3612 1256 3696 exequias
1279 3632 1342 3695 pro

233 3716 344 3780 salute
375 3717 489 3781 anime
519 3738 604 3794 mee,
637 3738 711 3782 xxs.
761 3719 849 3782 Item
881 3718 955 3802 lego
987 3717 1021 3782 C.
1055 3737 1080 3782 s.
1114 3715 1339 3781 distribuend.

233 3821 323 3885 inter
355 3842 522 3906 pauperes
555 3821 645 3887 intra
678 3822 876 3907 parochiam
910 3821 1101 3906 predictam
1135 3841 1197 3905 pro
1230 3821 1341 3885 salute
1476 3892 1481 3902 Ι

233 3925 346 3989 anime
360 3946 444 3990 mee.
493 3926 583 3990 Item
596 3926 671 4012 lego
684 3926 870 3990 Abbatisse
883 3932 917 3990 et
932 3925 1125 3990 Conuentui
1139 3925 1181 3989 de
1195 3925 1342 3988 Minores
1373 3891 1531 4007 Ἧζςὶὲᾎῗ

232 4037 331 4094 extra
365 4036 503 4114 portam
538 4029 710 4095 London6
744 4051 806 4114 pro
840 4030 995 4114 exequijs
1029 4050 1091 4113 pro
1125 4050 1180 4093 me
1214 4029 1341 4093 ibidem
1394 4025 1473 4074 Nuus
1486 4025 1515 4073 ⁰f

232 4134 453 4210 celebrandis
475 4156 548 4199 xxs.
599 4136 661 4223 (74)
685 4136 775 4199 Item
794 4134 870 4220 lego
888 4155 950 4218 pro
970 4134 1126 4218 exequijg
1145 4134 1180 4197 in
1200 4133 1342 4197 ecclesia
1384 4093 1423 4141 St.
1438 4092 1524 4141 clare,

304 4292 311 4314 ¹
333 4287 504 4343 Amersham
521 4287 621 4337 Bucks.
696 4292 706 4314 ²
725 4288 783 4337 Not
796 4287 823 4335 in
838 4287 894 4336 MS.

305 4379 466 4428 ³Chalfont
485 4379 524 4428 St.
541 4379 623 4428 Giles’
642 4380 697 4429 and
718 4379 851 4428 Chalfont
869 4379 908 4428 St.
927 4379 1041 4434 Peter's,
1059 4392 1121 4426 now
1142 4393 1177 4426 on
1198 4378 1247 4426 the
1265 4378 1341 4426 main

233 4460 300 4508 road
316 4460 355 4522 by
369 4459 512 4522 Uxbridge
528 4463 559 4508 to
574 4459 700 4508 London.

304 4554 314 4585 ⁴
332 4550 454 4599 Written
465 4550 533 4599 with
548 4567 564 4599 a
577 4551 642 4613 long
657 4551 674 4598 S
687 4551 787 4615 looped
802 4551 829 4599 in
844 4549 920 4598 front
934 4550 977 4598 ior
990 4564 1051 4598 -ser.
1090 4548 1148 4596 The
1163 4548 1343 4599 Benedictine

234 4630 334 4693 Abbey
346 4629 376 4679 of
389 4629 554 4685 Missendcm
570 4630 671 4678 Bucks.

305 4726 315 4758 ⁵
335 4721 368 4770 In
382 4723 430 4770 the
444 4722 528 4770 north
542 4723 596 4770 end
609 4722 639 4770 oi
651 4721 841 4772 Oxiordshire.

305 4812 316 4842 ⁶
334 4814 462 4877 Aldgatc.

414 4927 452 4989 ¹4
