3392 5650
324 719 385 781 1²4
613 702 691 765 Tire
717 701 872 765 lxcriai·
897 700 1144 766 ilauescnrer.

320 879 362 943 de
394 879 500 943 Ledes
529 900 638 963 nuper
666 881 710 943 ab
740 881 907 944 intestato
935 879 1131 944 decedentis
1159 879 1248 944 infra
1275 885 1432 943 nostram

320 982 593 1065 jurisdiccionem
630 986 838 1068 vbicumque
877 985 1112 1058 existencium,
1151 992 1185 1048 te
1220 983 1431 1058 ordinamus,

320 1088 526 1171 proficimus,
561 1097 595 1153 et
624 1088 843 1173 deputamus,
872 1089 1007 1172 prelato
1038 1108 1099 1171 per
1127 1095 1161 1152 te
1188 1108 1305 1152 coram
1331 1088 1432 1152 nobis

320 1193 513 1258 iuramento
541 1194 708 1277 corporali
738 1193 783 1257 ad
812 1200 933 1257 sancta
964 1193 1026 1256 Dei
1056 1192 1244 1277 euangelia,
1274 1191 1432 1276 predicta

320 1298 410 1362 bona
431 1298 625 1363 huiusmodi
646 1297 825 1383 diligenter
844 1305 879 1361 et
901 1298 1046 1363 lideliter
1064 1297 1268 1381 perquirere,
1289 1296 1432 1361 investi-

318 1422 408 1483 gare,
435 1402 628 1477 defendere,
654 1401 837 1474 custodire,
864 1403 1008 1476 saluare,
1034 1409 1068 1465 et
1095 1402 1211 1466 omnia
1235 1408 1271 1465 et
1295 1401 1432 1486 singula

320 1506 401 1590 ipsis
414 1507 609 1572 huiusmodi
623 1508 721 1572 bonis
734 1508 833 1571 vtilia
847 1507 956 1571 facere
969 1514 1003 1570 et
1018 1506 1153 1571 invtilia
1165 1505 1429 1590 pretermittere,

320 1619 354 1675 et
375 1612 606 1676 inuentarium
627 1612 724 1676 lidele
743 1613 785 1676 de
806 1612 887 1695 ipsis
906 1612 1005 1676 bonis
1024 1612 1134 1675 lacere
1153 1617 1188 1674 et
1208 1610 1327 1674 debita
1345 1607 1431 1673 dicti

319 1716 473 1780 defuncti
500 1724 672 1800 quatenus
699 1719 789 1781 bona
815 1738 851 1780 se
877 1715 1070 1780 extendunt
1097 1715 1238 1779 soluere.
1286 1714 1430 1778 Necnon

319 1821 631 1885 administracionis
665 1829 699 1885 et
734 1841 813 1885 cure
849 1822 1001 1904 ipsorum
1036 1820 1206 1883 bonorum
1239 1819 1431 1883 secundum

321 1925 401 1989 iuris
437 1924 591 1990 ordinem
628 1926 767 1990 reddere
804 1926 985 1996 racionem,
1023 1931 1205 2008 ceteraque
1241 1925 1358 1990 omnia
1393 1932 1429 1989 et

319 2029 453 2114 singula
477 2031 621 2095 laciend.
647 2038 682 2094 et
706 2031 908 2114 expediend.
934 2050 1001 2113 que
1026 2029 1060 2094 in
1085 2029 1257 2113 premissis
1281 2036 1316 2093 et
1340 2030 1431 2094 circa

319 2156 359 2198 ea
382 2135 570 2199 necessaria
593 2135 719 2199 fuerint
743 2135 796 2198 vel
820 2142 992 2219 oportuna
1014 2134 1078 2198 tibi
1101 2134 1315 2199 comittimus
1337 2134 1430 2199 vices

319 2246 463 2304 nostras.
512 2240 592 2303 Dat.
614 2240 648 2304 in
667 2240 771 2304 domo
790 2246 908 2304 nostra
927 2238 1127 2322 Capitulari,
1147 2245 1202 2303 etc.

469 2433 556 2517 (19⁶)
586 2434 803 2497 laonnrunn
827 2449 987 2497 caparra
1012 2450 1060 2496 ors
1084 2432 1278 2497 Crurusn'.

407 2562 478 2626 The
495 2583 588 2627 same
606 2584 644 2627 as
661 2562 725 2627 N0.
744 2563 797 2643 38,
817 2564 880 2627 but
898 2563 956 2627 the
973 2562 1077 2627 latter
1094 2568 1172 2645 part
1189 2562 1217 2625 is
1233 2562 1383 2647 missing.

318 2772 367 2840 55.
444 2755 532 2837 (197)
604 2753 715 2818 cona
781 2769 988 2818 onrcrnntrs
1053 2769 1167 2817 rsrrus
1229 2769 1430 2819 Pnocrsssos

363 2876 534 2923 naasion
570 2877 607 2922 rx
645 2876 752 2923 riano
788 2875 894 2923 suari
930 2858 1109 2923 Wrrrruor
1142 2875 1253 2922 neren
1285 2875 1430 2923 nonum

362 2963 703 3037 Gariannunonun,
722 2980 857 3028 venno
875 2980 989 3038 roim,
1006 2980 1056 3026 Ar>
1072 2979 1163 3026 rnre
1180 2979 1319 3027 sicnuir
1336 2965 1415 3044 ollo

407 3107 668 3171 Memorandum
702 3107 796 3190 quod
832 3107 886 3170 die
923 3106 1018 3170 Lune
1053 3126 1149 3189 prox.
1187 3112 1265 3188 post
1302 3105 1428 3170 testum

319 3211 554 3295 Deposicionis
576 3212 669 3275 beati
692 3210 838 3274 Willridi
862 3211 999 3294 Ripon',
1023 3210 1124 3274 Anno
1146 3210 1227 3274 D’ni
1250 3209 1429 3274 Millesimo

317 3330 417 3379 ccc¹¹¹0
440 3316 725 3400 quinquagesimo
749 3322 886 3390 octaua,
910 3315 1011 3378 d'nus
1036 3314 1189 3398 Rogerus
1215 3314 1257 3377 de
1282 3314 1427 3397 Hewyk,

317 3420 424 3494 mileS,
448 3420 677 3503 parochianus
699 3419 817 3504 Mag’ri
840 3419 971 3483 Thorne
993 3419 1035 3482 de
1057 3418 1241 3502 Freskney,
1265 3418 1427 3487 Canonici

317 3525 454 3589 ecclesie
490 3525 673 3609 Collegiate
709 3525 823 3608 Ripon
859 3531 893 3588 et
928 3523 1143 3607 prebendarii
1179 3523 1350 3606 prebende
1385 3523 1427 3586 de

316 3629 517 3713 Gyuendale
552 3630 586 3693 in
620 3629 751 3704 eadem,
785 3630 845 3713 qui
877 3629 1024 3693 eundem
1059 3627 1227 3712 Mag’mm
1258 3612 1427 3692 Thomain

316 3742 350 3798 et
382 3734 557 3798 ministros
588 3755 667 3798 suos
699 3734 848 3798 decimas
880 3733 985 3796 reales
1016 3739 1050 3795 et
1083 3732 1250 3815 prediales
1281 3731 1360 3795 ville
1391 3738 1426 3796 et

317 3839 478 3903 territorii
519 3840 561 3903 de
603 3839 736 3922 Hewyk
777 3838 819 3901 de
860 3859 951 3902 anno
991 3837 1146 3921 predicto
1185 3837 1427 3920 prouenientes
1517 3864 1521 3871 ·

316 3944 471 4028 colligere
502 3944 673 4027 percipere
704 3950 738 4006 et
770 3943 939 4006 abducere
971 3942 1165 4005 temeritate
1196 3941 1334 4024 propria
1364 3941 1426 4005 im·

317 4049 459 4132 pediuit,
482 4056 516 4112 et
538 4049 630 4132 ipsas
650 4047 800 4112 decimas
821 4054 942 4111 contra
962 4047 1181 4111 voluntatem
1201 4046 1284 4109 dicti
1307 4046 1426 4130 Mag'ri

316 4153 446 4216 Thome
459 4153 642 4236 occupauit
656 4159 691 4215 et
704 4151 854 4215 detinuit
868 4157 1064 4234 occupatae,
1079 4151 1114 4213 in
1127 4150 1231 4214 domo
1243 4150 1426 4234 capitulari

317 4256 441 4340 Ripon’
469 4277 585 4321 coram
613 4256 742 4340 Mag’ro
768 4255 869 4338 Joh'e
895 4255 937 4318 de
963 4254 1152 4328 Crakehall,
1180 4254 1427 4338 penitenciario

316 4360 387 4425 d'ni
406 4361 661 4444 Archiepiscopi
681 4361 784 4424 Ebor.
798 4366 832 4423 et
846 4360 881 4423 in
894 4360 958 4422 hac
971 4366 1069 4442 parte
1082 4358 1323 4423 Commissario
1335 4358 1424 4423 inter
1439 4381 1443 4387 ·

316 4471 429 4530 cetera
447 4465 617 4549 deputato
635 4465 859 4548 personaliter
877 4463 1069 4547 comparuit
1089 4470 1123 4526 et
1142 4463 1307 4528 delictum
1324 4483 1426 4528 suum

317 4571 351 4634 in
376 4571 440 4634 hac
465 4578 563 4653 parte
587 4570 809 4634 commissum
833 4575 956 4652 sponte
981 4588 1178 4652 agnoscens,
1204 4568 1246 4633 de
1272 4567 1427 4652 predicto

318 4674 447 4759 Mag'ro
477 4674 610 4739 Thoma
640 4681 724 4738 tunc
753 4678 910 4758 presente
941 4672 1078 4736 veniam
1108 4671 1214 4756 pecijt
1244 4673 1309 4736 sibi
1338 4672 1425 4747 dari,

317 4786 480 4866 paratum
509 4801 544 4844 se
574 4779 719 4844 offerens
749 4779 794 4843 ad
823 4777 1105 4843 satisfaciendum
1135 4777 1178 4841 de
1207 4784 1351 4863 peccato
1381 4779 1426 4843 ab
