3392 5650
627 629 901 696 Cnnrurnuv.

552 710 978 782 Afflffiffissfflfflz
1270 732 1311 794 59

202 894 315 958 iacens
342 894 432 958 inter
458 894 587 957 toftum
616 891 734 956 Rob'ti
763 891 880 956 Mome
908 898 942 955 et
969 893 1099 957 toltum
1125 893 1219 977 quod
1246 891 1312 956 luit

201 997 342 1062 Will’mi
361 998 506 1072 Russell,
527 996 718 1061 Reddendo
735 996 815 1060 inde
833 998 1014 1062 annuatim
1033 997 1162 1081 Mag’ro
1180 995 1313 1060 Galfrid

202 1102 244 1166 de
266 1102 395 1166 Larder
414 1107 450 1165 et
471 1122 559 1165 succ.
583 1122 609 1165 s.
632 1100 811 1165 Canonicis
832 1102 950 1166 decem
971 1102 1139 1177 denarios,
1161 1102 1314 1186 quinque

203 1207 247 1271 ad
271 1207 369 1270 Pent.
395 1212 429 1269 et
452 1206 606 1290 quinque
629 1205 674 1269 ad
697 1205 719 1268 f.
747 1204 779 1269 S.
798 1205 842 1269 M.
891 1207 937 1269 Et
960 1207 1007 1270 ibi
1031 1207 1065 1270 in
1090 1206 1313 1291 Staynbrigat

202 1311 287 1375 illud
301 1311 431 1375 toftum
446 1331 524 1375 cum
538 1317 625 1394 pert.
642 1309 735 1394 quod
750 1309 816 1374 luit
830 1309 934 1373 Will’i
950 1310 1082 1385 Russel,
1097 1311 1211 1374 iacens
1225 1310 1314 1374 inter

203 1418 334 1482 toltum
363 1417 457 1502 pred.
490 1416 605 1481 Nades
634 1422 669 1480 et
704 1414 808 1479 Will'i
844 1415 981 1490 Piknot,
1014 1415 1203 1479 Reddendo
1232 1415 1314 1479 d'no

204 1523 277 1586 Ric.
298 1522 341 1586 de
359 1522 492 1585 Yarum
511 1527 546 1585 et
564 1542 653 1585 succ.
674 1542 699 1584 s.
721 1518 900 1584 Canonicis
918 1518 997 1583 inde
1017 1520 1197 1583 annuatim
1216 1520 1313 1604 iiijd.,

203 1627 225 1711 ij
244 1627 288 1691 ad
303 1626 326 1690 1.
342 1626 375 1691 S.
390 1625 435 1689 M.
450 1633 484 1689 et
498 1625 520 1709 ij
537 1625 581 1689 ad
597 1625 694 1688 Pent.
742 1623 816 1707 Ego
830 1623 938 1687 eciam
953 1623 1061 1687 Will's
1076 1624 1155 1688 dedi
1169 1630 1204 1688 et
1218 1645 1312 1689 conc,

203 1736 238 1794 et
257 1752 290 1814 p.
312 1751 340 1793 c.
361 1730 451 1793 conf.
472 1728 665 1812 sepedicto
685 1728 986 1812 Hugonietsucc.
1008 1749 1033 1792 s.
1054 1729 1313 1812 prenominatis,

203 1835 287 1899 illud
314 1834 445 1898 toltum
472 1839 563 1898 retro
589 1853 685 1916 sepes
711 1834 805 1917 quod
831 1833 941 1897 Alicia
967 1833 1009 1897 de
1036 1833 1193 1919 Gringele
1219 1833 1315 1897 dedit

204 1940 286 2003 d'no
300 1959 376 2003 meo
390 1938 520 2023 Mag’ro
537 1937 626 2002 Gall.
642 1937 684 2000 de
701 1937 815 2013 Lard',
831 1936 1021 2002 Reddendo
1038 1938 1117 2002 inde
1134 1939 1315 2002 annuatim

203 2044 297 2109 dicto
318 2043 450 2127 mag’ro
471 2042 604 2107 Gallrid
625 2048 659 2105 et
681 2062 769 2106 succ.
792 2062 818 2105 s.
841 2042 1031 2117 Canonicis
1053 2062 1113 2105 sex
1134 2042 1223 2116 deu,
1246 2048 1315 2106 tres

204 2149 250 2212 ad
275 2148 297 2212 1,
324 2147 356 2212 S.
380 2146 425 2211 M.
451 2152 486 2210 et
510 2152 580 2210 tres
604 2147 648 2211 ad
673 2147 771 2211 Pent.
818 2145 945 2210 Omnia
968 2166 1050 2209 vero
1072 2146 1227 2228 predicta
1254 2167 1315 2230 ego

204 2252 313 2318 Will's
333 2252 423 2327 dedi,
444 2272 551 2326 conc,
572 2253 659 2315 eth.
680 2272 713 2334 p.
735 2272 763 2315 c,
784 2250 874 2314 conl.
895 2250 989 2333 pred.
1011 2251 1150 2335 Hugoni
1170 2256 1204 2314 et
1224 2273 1313 2317 succ.

204 2379 230 2421 s.
251 2357 340 2421 sicut
359 2357 588 2440 prescriptum
607 2362 670 2431 est,
691 2355 881 2419 Reddendo
900 2361 1017 2419 tamen
1036 2356 1115 2420 inde
1134 2358 1315 2422 annuatim

203 2462 334 2526 clericis
362 2461 456 2526 chori
485 2462 527 2525 de
557 2460 682 2544 Ripon’
712 2460 765 2543 ijs.
796 2460 1022 2524 distribuend.
1052 2461 1087 2524 in
1117 2461 1171 2525 die
1200 2464 1315 2527 obitus

204 2566 310 2631 Gallr.
330 2567 371 2631 de
391 2566 492 2630 Lard’
511 2566 582 2630 d’ni
602 2566 669 2629 mei
690 2566 754 2629 hoc
778 2563 893 2639 modo,
912 2564 1095 2648 Capeliano
1111 2566 1170 2650 qui
1188 2566 1244 2630 illo
1261 2567 1315 2631 die

203 2670 391 2734 celebrabit
419 2670 560 2734 missam
590 2669 634 2733 ad
663 2669 803 2733 missam
832 2669 985 2753 capituli,
1016 2670 1088 2753 ijd„
1119 2676 1154 2734 et
1182 2672 1316 2756 singula

204 2774 349 2840 aliorum
373 2774 580 2839 vicariorum
602 2773 663 2857 jd..
689 2779 724 2836 et
747 2775 869 2862 singul.
895 2775 1078 2840 diaconum
1102 2781 1136 2840 et
1160 2776 1313 2842 subdiac.

203 2880 264 2964 jd„
284 2886 320 2944 et
338 2880 473 2944 duobus
492 2879 700 2943 ceroferariis
717 2881 779 2964 jd..
799 2880 1019 2945 turribulario
1037 2880 1097 2964 jd„
1118 2886 1152 2943 et
1170 2882 1315 2967 margal-

204 2985 277 3049 ario
289 2985 338 3067 jd.
387 2985 427 3049 In
442 2984 543 3048 huius
557 2990 673 3048 autem
688 2986 735 3049 rei
749 2987 853 3049 robur
866 2991 900 3048 et
914 2985 1068 3049 omnium
1082 2987 1315 3070 cognicionem

204 3089 351 3174 sigillum
376 3109 492 3153 meum
522 3109 591 3152 una
618 3109 697 3152 cum
728 3089 837 3172 sigillo
867 3089 1010 3173 capituli
1040 3091 1190 3173 presenti
1221 3097 1314 3155 carto

204 3194 268 3258 leci
296 3214 477 3278 apponere.
511 3193 586 3278 (27).
638 3194 714 3257 Hiis
739 3195 896 3270 testibus
925 3195 1089 3279 magistro
1115 3196 1247 3260 Thoma
1272 3196 1314 3259 de

206 3298 373 3381 Kirkeby,
394 3298 476 3362 d'no
497 3297 631 3382 Rogero
650 3299 692 3362 de
713 3299 816 3382 Leya,
838 3300 1027 3374 Canonicis‚
1049 3300 1130 3364 d’no
1150 3300 1253 3364 Petro
1273 3301 1315 3364 de

205 3403 353 3478 Dauilla,
381 3409 465 3466 tunc
490 3402 629 3478 balliuo,
656 3403 769 3467 Adam
794 3403 911 3478 Ward,
939 3404 1064 3486 Joh’ne
1091 3405 1217 3469 Clerico
1243 3405 1314 3470 d’ni

206 3508 291 3593 Rog.
318 3507 360 3572 de
384 3508 488 3591 Leya,
515 3508 627 3572 Rob'o
652 3508 693 3572 de
718 3509 917 3593 Biscopton,
943 3509 1073 3584 clerico
1099 3510 1249 3574 Will'mo
1273 3511 1315 3574 de

205 3612 381 3696 Stodelay,
406 3612 542 3677 Simone
565 3613 714 3689 Castlok,
739 3613 852 3677 Rob’o
874 3614 915 3678 de
938 3612 1097 3689 Nunwik,
1122 3615 1251 3679 Rob'to
1273 3616 1315 3679 de

210 3717 365 3801 Spenser,
386 3723 421 3781 et
439 3717 558 3782 multis
577 3718 660 3782 aliis,

222 3912 288 3994 (79)
314 3911 565 3976 Courrnnnoro
589 3911 665 3975 n'ur
687 3911 968 3977 Aucnnnscon
992 3930 1155 3977 musaeu
1178 3931 1302 3979 cnurr.

293 4077 394 4142 Omn.
410 4078 470 4161 xpi
484 4077 542 4142 fid.
559 4078 603 4142 ad
616 4099 649 4161 q.
666 4098 752 4161 pres.
768 4099 830 4142 scr.
847 4080 1051 4163 peruenerit,
1066 4080 1238 4145 Walterus
1253 4082 1316 4145 Dei
1394 4087 1467 4136 1234,

205 4201 275 4264 gra.
302 4182 405 4245 Ebor.
431 4181 589 4265 Archiep.
616 4187 650 4244 et
674 4181 795 4266 Anglie
819 4183 957 4267 primas,
982 4184 1130 4248 salutem
1154 4185 1188 4248 in
1213 4186 1314 4252 D’n0.
1365 4142 1431 4190 Feb.
1450 4155 1492 4202 24‘

207 4285 376 4369 inspectis
392 4287 496 4350 cartis
516 4286 605 4367 (etc,
620 4306 657 4349 as
672 4286 711 4349 in
727 4286 845 4370 Grap's
858 4289 1013 4372 Register,
1029 4295 1061 4372 p.
1077 4308 1150 4371 243,
1170 4290 1224 4353 but
1239 4291 1313 4375 lug.
1330 4261 1497 4380 affiatu&

206 4388 285 4454 MS.
305 4391 399 4454 reads
417 4391 625 4474 Winkesley,
646 4392 736 4475 Hug.
757 4391 799 4455 de
819 4391 961 4468 Barton,
982 4392 1147 4468 Geremie,
1168 4394 1448 4472 Marior',·l¹1dree·

207 4494 369 4570 Bethlim,
406 4494 562 4570 Gamelli,
599 4495 809 4580 Winkeslay,
846 4498 906 4581 qui
942 4498 977 4561 in
1014 4498 1153 4563 ecclesia
1190 4500 1315 4583 Ripon’

206 4599 347 4664 missam
372 4600 498 4665 cotidie
524 4601 671 4664 celebret
697 4622 759 4685 pro
784 4602 957 4666 defunctis
984 4655 990 4667 .
1021 4655 1026 4666 .
1057 4655 1062 4667 .
1091 4611 1125 4667 et
1150 4606 1318 4688 presentis

207 4703 305 4789 sigilli
318 4706 540 4769 roboramus,
562 4758 568 4770 .
591 4759 596 4770 .
616 4706 685 4769 vllo
698 4727 896 4790 nuncquam
910 4713 1063 4791 tempore
1083 4761 1088 4772 .
1111 4761 1117 4772 .
1139 4761 1145 4772 .
1165 4709 1265 4792 Quod
1277 4716 1318 4774 vt

207 4815 322 4875 ratum
348 4816 394 4910 et
408 4811 531 4875 stabile
555 4819 779 4895 perseuerunt
807 4812 877 4896 (sic)
907 4813 941 4877 in
967 4818 1153 4897 posterum,
1179 4834 1317 4898 presens
