3392 5650
575 722 669 786 Acis
693 739 738 786 or
761 720 941 789 Chaerea.
1249 739 1315 807 277.

203 900 343 964 stallum
379 900 556 985 proprium
592 900 751 965 Cantarie
786 922 846 966 sue
882 901 1137 986 assignandum,
1173 902 1208 966 in
1243 923 1313 986 quo

204 1003 312 1086 possit
335 1003 434 1068 iuxta
457 1004 711 1069 ordinacionem
735 1005 951 1071 fundacionis
974 1005 1133 1071 Cantarie
1155 1027 1215 1071 sue
1238 1006 1312 1070 Deo

205 1107 373 1173 famulari.

291 1250 530 1316 Sextodecimo
554 1251 609 1314 die
632 1250 758 1315 mensis
782 1251 912 1334 Marcii,
938 1252 1039 1316 Anno
1063 1251 1144 1316 D'ni
1169 1252 1310 1315 Mill'mo
1373 1266 1481 1315 Ι503-4.

203 1353 483 1438 Quingentesimo
520 1354 625 1418 tercio
661 1354 696 1419 in
732 1354 836 1419 domo
872 1354 1061 1439 Capitulari
1097 1355 1187 1420 Eccl.
1226 1354 1307 1421 Coll.
1359 1320 1427 1369 Mar.
1449 1322 1488 1369 ¹⁶'

203 1457 339 1541 Ripon',
372 1459 534 1544 Magister
563 1459 717 1523 Andreas
748 1459 924 1535 Newman,
957 1459 1206 1524 prebendarius
1235 1480 1309 1543 pre·
1323 1465 1373 1512 ΜΓ·
1405 1463 1524 1545 Andrew

203 1563 312 1627 bende
337 1563 379 1626 de
404 1564 543 1628 Sharow
567 1565 601 1627 in
626 1564 746 1628 eadem
771 1564 911 1628 ecclesia
935 1585 975 1627 ac
999 1563 1189 1628 Canonicus
1215 1563 1309 1627 Resi-
1323 1532 1523 1661 {eglfflhgss'

202 1666 393 1731 denciarius
434 1668 469 1732 in
510 1668 630 1732 eadem
671 1674 706 1731 et
749 1668 915 1732 Residens
955 1667 1104 1751 Capituli
1145 1667 1308 1742 eiusdem,
1375 1664 1462 1713 stalis.

202 1791 369 1836 consensu
392 1772 521 1855 pariter
544 1778 579 1836 et
603 1793 743 1837 assensu
767 1771 917 1856 Capituli
940 1772 1096 1857 predicti,
1122 1772 1310 1857 assignauit

202 1875 394 1959 Capellanis
429 1877 604 1961 perpetuis
639 1876 880 1942 Cantairamm
918 1875 988 1958 (sic)
1027 1876 1062 1940 in
1098 1875 1189 1940 Eccl.
1227 1874 1308 1939 Coll.

202 1980 357 2064 predicta
389 1980 614 2045 fundatarum
646 1979 862 2064 presentibus
893 1986 928 2043 et
960 1980 1085 2044 futuris
1116 1979 1218 2043 stalla
1249 2000 1311 2043 sua

202 2089 370 2167 perpetua
387 2084 421 2147 in
439 2083 549 2147 Choro
567 2084 720 2149 eiusdem
736 2084 873 2150 ecclesie
891 2085 990 2149 iuxta
1006 2084 1168 2150 eflectum
1185 2084 1311 2149 statuti

201 2187 357 2271 proxime
387 2188 600 2271 precedentis
630 2187 709 2252 inde
739 2189 901 2254 canonice
931 2189 1015 2253 editi
1045 2189 1149 2253 modo
1179 2188 1243 2253 viz.
1275 2195 1310 2252 et

202 2292 313 2358 forma
331 2292 535 2376 subscripta.

292 2435 331 2498 In
362 2434 490 2518 primiS,
522 2434 710 2519 assignauit
741 2434 924 2519 Capeliano
954 2450 1120 2520 perpetuo
1151 2435 1310 2500 Cantarie
1339 2430 1501 2545 siphum?

202 2543 366 2621 perpetue
386 2537 475 2601 inira
495 2538 685 2603 Manerium
705 2539 776 2604 d'ni
795 2540 1049 2625 Archiepiscopi
1070 2541 1162 2625 apud
1183 2540 1307 2623 Ripon'
1323 2503 1524 2614 ciiiiiiiitii

202 2642 358 2718 fundate,
402 2649 437 2706 et
479 2643 729 2707 successoribus
771 2645 840 2709 suis
883 2645 1044 2709 canonice
1087 2644 1308 2721 intrantibus
1333 2630 1515 2761 ίὲἕρεῇἑξῇξ

202 2747 342 2811 stallum
363 2746 513 2831 primum
534 2753 568 2811 et
590 2747 776 2832 principale
797 2770 839 2814 ex
861 2756 959 2834 parte
980 2750 1121 2813 australi
1143 2749 1177 2813 in
1199 2748 1309 2813 Choro
1334 2763 1490 2840 ¹perpetuus

194 2838 354 2917 'eiusdem
379 2852 516 2916 ecclesie
542 2852 641 2916 iuxta
664 2853 805 2918 stallum
830 2853 1044 2938 prebendarij
1073 2854 1244 2938 prebende
1269 2854 1311 2917 de
1326 2833 1517 2947 Gagme'ssm

203 2957 448 3043 Stanewyggez
466 2958 599 3021 notorie
618 2958 797 3022 situatum.
1332 2966 1517 3026 fundatarum.

294 3099 395 3173 Item,
430 3099 619 3183 assignauit
652 3099 841 3163 secundum
874 3099 1014 3163 stallum
1048 3099 1126 3163 huic
1159 3098 1313 3183 proxime

203 3203 392 3288 adiungens
413 3223 551 3266 versum
573 3203 740 3267 orientem
762 3203 946 3288 Capellano
968 3185 1127 3267 Cantarie
1149 3209 1313 3287 perpetue

203 3308 247 3371 ad
266 3308 374 3372 altare
386 3308 551 3372 Omnium
565 3308 770 3373 Sanctorum
783 3321 792 3350 ¹
812 3308 846 3373 in
861 3308 942 3372 naui
956 3307 1105 3371 Ecclesie
1117 3327 1180 3391 pro
1198 3307 1313 3371 anima

204 3412 248 3477 M.
269 3412 405 3495 Joh’nis
424 3412 562 3477 Sendall
580 3412 735 3478 fundate.

294 3554 393 3629 Item,
427 3554 570 3617 tercium
602 3555 743 3619 stallum
775 3554 962 3639 assignauit
994 3554 1050 3618 Ca.
1085 3554 1182 3642 Cant.
1216 3574 1310 3638 perp.

204 3657 248 3721 ad
277 3658 385 3722 altare
414 3658 480 3722 S'ci
510 3658 645 3740 Joh’nis
673 3659 764 3743 Ap'li
792 3665 827 3723 et
856 3659 1076 3744 Euangeliste
1105 3658 1249 3723 fundate
1277 3665 1312 3722 et

203 3762 371 3827 ordinate.

293 3903 393 3977 Item,
422 3909 587 3986 quartum
614 3902 754 3966 stallum
782 3903 976 3987 assignatur
1002 3901 1059 3966 Ca.
1089 3901 1187 3967 Cant.
1216 3922 1311 3985 perp.

204 4007 350 4071 fundate
369 4007 414 4071 ad
433 4007 540 4071 altare
559 4006 626 4071 S’ci
644 4007 767 4090 Jacobi
785 4007 886 4091 Ap'li.

293 4151 393 4224 Item,
423 4149 586 4233 quintum
614 4150 754 4213 stallum
783 4149 971 4234 assignauit
1000 4148 1057 4213 Ca.
1088 4148 1186 4213 Cant.
1217 4170 1311 4233 perp.

205 4255 351 4320 fundate
371 4255 416 4319 ad
436 4255 544 4318 altare
564 4254 630 4318 S'ci
649 4254 785 4318 Andree
805 4254 906 4338 Ap'li.

293 4397 392 4471 Item,
424 4396 612 4480 assignauit
642 4396 791 4479 primum
821 4396 962 4461 stallum
992 4417 1034 4459 ex
1064 4402 1163 4479 parte
1193 4395 1313 4460 boriali

203 4501 354 4566 eiusdem
368 4501 468 4565 Chori
480 4501 635 4585 proxime
648 4501 836 4585 adiungens
848 4522 872 4585 p
887 4501 946 4584 (Ρ)2
958 4501 1067 4564 stallis
1079 4501 1314 4585 prebendariis

275 4668 281 4690 ¹
302 4664 351 4711 See
365 4677 411 4726 pp.
428 4675 486 4723 271,
503 4664 582 4723 276n,
597 4662 653 4710 and
667 4662 751 4710 Mem.
763 4662 837 4725 Rip,
855 4662 891 4718 11,
911 4674 950 4722 17,
965 4677 996 4710 as
1010 4667 1041 4710 to
1054 4661 1222 4710 dedication.

273 4760 283 4782 ²
302 4755 360 4802 The
372 4755 548 4803 characteris
561 4754 718 4818 something
728 4754 783 4802 like
793 4769 811 4818 p
821 4754 890 4802 with
900 4753 1167 4802 contraction-mark
1177 4769 1183 4811 ;
1195 4753 1314 4816 perhaps

203 4839 298 4885 meant
311 4836 354 4884 ror
368 4839 383 4857 ‘⁴
392 4834 469 4898 pre‚''
483 4834 512 4882 iu
525 4834 602 4884 Iront
613 4833 651 4883 oi.
