3392 5650
579 714 672 779 Acrs
696 732 742 779 or
765 715 944 781 empore.

360 906 448 988 (162)
476 906 662 971 Pnossncro
685 908 926 990 rssrnnsnm
953 909 1160 991 PREDICTI).1

293 1086 333 1149 ln
376 1086 439 1149 Dei
481 1085 629 1160 nomine,
673 1086 793 1151 Arnen.
842 1086 1009 1151 Admissis
1050 1088 1313 1171 probacionibus

202 1210 305 1273 super
324 1190 476 1253 iaccione
495 1191 662 1273 presentis
682 1191 882 1255 testamenti
902 1212 1017 1256 coram
1037 1192 1135 1256 nobis
1155 1192 1313 1276 Capitulo

203 1295 281 1358 eccl.
307 1295 381 1359 coll.
408 1294 533 1377 Ripon’
558 1295 616 1378 xvj
643 1295 697 1358 die
720 1295 845 1359 mensis
869 1296 951 1379 Julij
978 1297 1078 1360 Anno
1102 1297 1173 1361 d'ni
1198 1297 1314 1360 Mill'io

202 1414 301 1462 ccc¹¹¹0
317 1398 417 1481 lxxjo,
435 1399 549 1482 ipsum
566 1405 815 1464 testamentum
839 1400 903 1463 rite
929 1400 1060 1465 factum
1077 1407 1111 1464 et
1128 1402 1314 1484 probatum

202 1503 492 1585 pronunciamus;
518 1504 611 1585 Joh'i
649 1504 691 1567 de
728 1504 870 1567 Acastre
908 1504 981 1568 Ciui
1019 1506 1122 1569 Ebor.
1161 1511 1195 1569 et
1233 1505 1314 1570 d’no

202 1607 332 1671 Thome
364 1607 406 1670 de
439 1606 616 1683 Gretham,
651 1607 846 1691 Capellan0,
880 1609 1120 1673 executoribus
1152 1609 1187 1673 in
1220 1609 1314 1673 dicto

202 1717 412 1775 testamento
438 1712 634 1787 nominatis
663 1712 1001 1777 administracionem
1027 1713 1181 1778 omnium
1207 1714 1313 1777 bono-

201 1836 277 1880 rum
312 1816 395 1879 dicti
427 1815 581 1880 defuncti
613 1816 702 1880 infra
736 1816 1011 1899 jurisdiccionem
1043 1823 1197 1881 nostram
1227 1818 1312 1881 exis-

203 1920 364 1995 tencium,
383 1921 417 1984 in
441 1920 551 1985 torma
574 1921 699 1984 statuti
719 1941 821 2004 super
839 1921 946 2002 (hoc)²
969 1921 1052 1986 editi
1075 1922 1311 1999 concedentes

201 2025 298 2088 salua
324 2025 423 2089 nobis
450 2030 624 2108 potestate
652 2025 847 2089 huiusmodi
875 2026 1212 2090 administracionem
1239 2026 1313 2090 aliis

201 2129 441 2193 executoribus
485 2130 555 2192 suis
599 2129 838 2194 committendi
883 2150 963 2194 cum
1008 2151 1084 2194 eam
1128 2130 1313 2220 admittere

201 2234 383 2298 voluerint.
433 2233 473 2297 ln
504 2234 600 2298 cuius
631 2234 678 2297 rei
710 2233 948 2298 testimonium
978 2235 1126 2319 sigillum
1156 2241 1313 2299 nostrum

201 2338 417 2421 presentibus
438 2344 489 2401 est
511 2359 712 2422 appensum.
761 2339 842 2402 Dat.
867 2339 901 2403 in
923 2338 1026 2402 domo
1048 2339 1236 2422 Capitulari
1257 2339 1312 2403 die

201 2448 235 2505 et
254 2463 345 2506 anno
364 2442 580 2525 supradictis.

200 2695 248 2773 48.
338 2698 425 2780 (163)
452 2697 685 2762 Arrxossacro
708 2677 935 2762 russurrensi
963 2699 1183 2781 (prunnon).1

292 2888 332 2952 In
374 2888 437 2951 Dei
491 2889 639 2962 nomine,
682 2887 802 2952 Amen.
851 2888 1017 2951 Exhibito
1058 2908 1174 2952 coram
1214 2889 1312 2952 nobis

200 2975 404 3056 venerabilis
438 2992 587 3075 Capituli
622 2993 701 3056 eccl.
737 2993 831 3055 beati
867 2992 960 3055 Petri
994 2993 1096 3056 Ebor.
1132 3012 1313 3057 causarum

201 3097 358 3161 auditore
377 3102 589 3161 testamento
608 3098 696 3161 bone
716 3097 879 3161 memorie
899 3095 970 3160 d’ni
990 3096 1093 3160 Will’i
1111 3097 1153 3160 de
1172 3096 1312 3172 Dalton,

201 3200 362 3265 Canonici
383 3202 467 3265 dum
488 3201 577 3265 vixit
599 3202 736 3265 ecclesie
758 3202 862 3264 Ebor.
881 3200 1032 3284 predicte
1049 3208 1083 3264 et
1100 3201 1315 3284 prebendarii

201 3305 373 3389 prebende
402 3305 444 3369 de
474 3305 608 3389 Bychill
636 3326 715 3370 cum
746 3305 993 3390 Knaresburgh
1022 3305 1056 3369 in
1085 3306 1215 3381 eadem,
1245 3326 1315 3371 vna

201 3430 280 3473 cum
302 3409 457 3473 codicillo
479 3410 590 3474 eidem
612 3411 740 3475 annixo
762 3416 796 3474 et
818 3410 925 3474 literis
947 3410 1150 3474 venerabilis
1171 3410 1314 3494 capituli

205 3514 331 3597 Rypon
365 3515 468 3579 Ebor.
504 3514 590 3579 dioc.
626 3515 722 3579 cuius
756 3515 894 3578 ecclesie
928 3515 1040 3578 dictus
1073 3515 1174 3578 d’nus
1207 3513 1315 3579 Will’s

204 3617 396 3682 Canonicus
433 3618 545 3682 iuerat
581 3619 665 3683 dum
701 3619 800 3694 vixit,
838 3626 873 3683 et
910 3626 1063 3702 tempore
1099 3619 1220 3683 mortis
1255 3640 1314 3684 sue

203 3721 361 3786 coniecta
390 3743 492 3806 super
521 3723 604 3787 dicti
634 3723 834 3787 testamenti
867 3724 1099 3787 insinuacione
1128 3729 1162 3787 et
1192 3743 1314 3807 appro-

204 3827 346 3891 bacione
366 3848 482 3891 coram
502 3827 576 3910 ipso
597 3827 756 3911 Capitulo
776 3835 810 3892 et
835 3828 907 3892 eius
927 3828 1135 3892 auctoritate
1155 3828 1259 3903 lacta,
1281 3834 1315 3892 et

203 3930 278 4014 ipso
309 3937 519 3995 testamento
549 3932 704 3995 codicillo
735 3938 770 3995 et
800 3931 907 3995 literis
938 3932 1019 3994 visis
1050 3932 1236 4016 deligenter
1266 3933 1315 3996 in-

204 4036 330 4119 spectis
362 4041 397 4099 et
429 4036 562 4119 plenius
596 4035 788 4110 intellectis,
824 4036 1092 4100 insinuacionem
1125 4041 1159 4100 et
1193 4056 1315 4120 appro-

204 4139 383 4204 bacionem
416 4139 560 4223 predicti
594 4140 805 4204 ratificamus
838 4147 873 4204 et
906 4141 1148 4223 approbamus,
1183 4161 1223 4204 ac
1256 4141 1315 4204 ad-

205 4244 496 4308 ministracionem
510 4245 664 4309 omnium
678 4246 847 4308 bonorum
861 4244 945 4307 dicti
958 4244 1029 4308 d’ni
1044 4228 1315 4309 Will'ideluncti

204 4348 294 4412 inira
331 4347 606 4431 jurisdiccionem
645 4349 728 4412 dicti
767 4348 917 4432 Capituli
957 4349 1191 4424 existencium,
1232 4349 1313 4412 d'no

205 4452 335 4516 Thome
361 4453 403 4516 de
430 4452 597 4517 Gretham
623 4452 800 4536 capellano
827 4459 862 4516 et
889 4453 982 4535 Joh'i
1009 4453 1051 4516 de
1078 4453 1220 4517 Acastre
1246 4453 1313 4517 ciui

205 4557 321 4632 Ebor,
355 4557 595 4622 executoribus
626 4557 661 4621 in
693 4558 787 4621 dicto
819 4564 1029 4622 testamento
1061 4558 1247 4622 nominatis
1280 4559 1314 4623 in

277 4804 283 4825 ¹
306 4798 403 4847 Added
417 4800 495 4847 later.
570 4805 579 4826 ²
597 4798 724 4847 Omitted
738 4799 766 4847 in
780 4799 835 4847 MS.
