3392 5650
370 710 407 754 ro
639 690 722 753 Tua
749 690 903 753 lumem(
930 689 1188 753 urnoscmpr.

364 906 427 973 5v.
562 893 631 969 (15)
657 889 935 952 Aooueurncro
960 888 1217 952 Vtcnurouuu.

183 1036 339 1148 Tpffich·
453 1039 491 1101 In
543 1039 606 1102 Dei
657 1040 808 1113 nomine,
859 1040 984 1103 Amen.
1065 1037 1204 1102 Auditis
1253 1052 1286 1102 et
1333 1038 1469 1120 plenius

151 1163 247 1226 bistrup
260 1165 309 1213 uas
366 1137 547 1203 intellectis
566 1139 696 1202 meritis
712 1159 815 1202 cause
831 1136 1084 1222 appellacionis
1097 1161 1117 1201 a
1129 1138 1278 1219 quadam
1294 1137 1471 1201 sentencia

150 1228 311 1342 considere'u
363 1235 511 1300 diffinita
550 1258 610 1320 per
648 1236 829 1301 officialem
871 1237 974 1303 Curie
1015 1251 1129 1302 nostre
1174 1237 1278 1301 Ebor.
1321 1250 1353 1300 et
1394 1236 1469 1300 eius

149 1309 320 1408 irisspffin.
365 1336 653 1401 Commissarium
694 1339 893 1421 generalem
933 1358 1038 1420 super
1069 1337 1361 1421 augmentacione
1394 1357 1470 1419 por-

149 1425 502 1539 ξξὲζξῑῇὲξίῗωείοηωη
536 1437 742 1501 vicariarum
776 1438 857 1501 eccl.
893 1438 1078 1521 collegiate
1112 1436 1253 1521 Rypon'
1287 1457 1397 1519 nuper
1427 1457 1469 1499 ex

147 1568 309 1617 augmenta.
362 1534 478 1600 officio
512 1550 629 1600 nostro
653 1548 772 1600 eontra
797 1536 997 1619 Capitulum
1024 1537 1134 1619 ipsius
1158 1538 1240 1601 eccl.
1271 1535 1411 1620 Rypon'
1437 1548 1470 1599 et

148 1620 311 1749 ζξὲἃξξὲξξ
362 1635 562 1719 singulares
616 1636 804 1699 canonicos
857 1636 1011 1700 eiusdem
1062 1650 1153 1700 mote
1200 1635 1469 1700 Commissarios

364 1749 501 1799 nostros
536 1756 603 1797 vna
634 1756 712 1799 cum
746 1735 825 1799 aliis
856 1736 1002 1820 collegis
1034 1736 1108 1800 suis
1139 1738 1205 1799 sub
1236 1749 1327 1799 certa
1359 1733 1469 1799 forma

362 1834 557 1917 specialiter
572 1835 756 1916 deputatos
774 1836 842 1898 lata
860 1838 925 1899 sub
944 1836 1008 1899 hac
1025 1834 1145 1899 forma.

172 2028 347 2104 Pselinrinary
451 2022 489 2084 ln
533 2022 596 2085 Dei
639 2022 790 2093 nomine.
827 2022 953 2086 Amen.
1004 2023 1091 2087 Cum
1127 2043 1236 2105 nuper
1267 2021 1309 2084 ad
1346 2020 1466 2083 Divini

148 2096 251 2144 ree-nal.
361 2122 475 2185 cultus
499 2134 729 2205 augmentum
758 2142 798 2185 ac
824 2122 1040 2186 honestatem
1072 2122 1198 2205 pariter
1224 2134 1256 2185 et
1285 2120 1465 2184 utilitatem

361 2221 441 2284 eccl.
480 2220 621 2305 Rypon'
655 2241 715 2304 per
746 2223 836 2286 bone
874 2222 1039 2285 memorie
1074 2221 1256 2285 dominum
1289 2220 1463 2284 Thomam

146 2287 318 2415 Asfiissffifp
363 2319 466 2384 Ebor.
498 2319 710 2404 archiep'um
744 2320 940 2384 ordinatum
974 2321 1140 2386 canonice
1171 2320 1341 2384 diceretur
1371 2319 1463 2402 quod

147 2417 344 2531 0ζὲῑῖῐῖᾶὲῧί
360 2432 486 2484 extunc
514 2420 768 2503 imperpetuum
797 2420 930 2504 singuli
956 2419 1123 2485 Canonici
1149 2421 1229 2484 eccl.
1262 2418 1401 2503 Rypon'
1428 2419 1461 2480 iu

145 2498 334 2597 pachucznona
360 2520 433 2584 suis
473 2520 658 2603 prebendis
695 2521 848 2605 singulis
887 2521 1049 2606 singulos
1082 2533 1266 2603 perpetuos
1297 2520 1464 2583 haberent

146 2614 325 2726 ⁸¹¹⁰¹¹¹d¹l¹³lf
360 2619 519 2697 vicarios,
561 2620 620 2702 qui
659 2641 776 2683 curam
816 2620 1012 2683 animarum
1058 2620 1348 2703 parochianorum
1391 2639 1464 2701 pre-

145 2693 307 2792 irffiiptitiia
361 2719 551 2783 bendarum
607 2720 759 2802 ipsarum
810 2720 943 2804 singuli
989 2720 1215 2804 singulariter
1262 2718 1460 2801 reciperent,

98 2837 103 2849 ’
147 2808 343 2868 ⁰⁸¹0⁰f⁸⁰¹¹¹⁸³
360 2833 530 2903 gererent,
557 2834 590 2884 et
615 2819 796 2885 actualiter
823 2835 1050 2898 excercerent,
1078 2842 1118 2884 ac
1151 2818 1400 2884 nichilominus
1429 2818 1462 2880 in

361 2915 540 3002 ipsa'eccl.
563 2921 703 2984 matrice
730 2920 871 3004 Rypon’
894 2921 1108 2985 deseruirent
1131 2920 1262 2983 diuinis
1286 2918 1464 3001 obsequiis

361 3019 489 3104 iugiter
516 3019 718 3095 inherendo
750 3042 898 3102 quorum
925 3021 1132 3084 vicariorum
1162 3019 1308 3101 quilibet
1339 3040 1359 3081 a
1392 3038 1465 3100 pre-

145 3115 256 3190 eacuto
275 3180 286 3205 .·
361 3119 527 3183 bendario
557 3119 701 3183 domino
729 3142 794 3184 suo
821 3142 882 3184 sex
912 3141 1044 3184 marcas
1072 3140 1209 3182 annuas
1236 3139 1297 3202 pro
1321 3118 1394 3182 suis
1418 3118 1465 3199 (ό)

145 3195 346 3307 miiaiin
360 3218 543 3301 stipendiis
568 3232 601 3282 et
628 3219 769 3283 nomine
795 3220 985 3284 eorundem
1015 3219 1116 3283 certis
1140 3219 1222 3282 anni
1248 3218 1464 3301 temporibus

146 3309 269 3425 {2:2¹¹}ss
361 3319 559 3400 perciperet,
597 3319 708 3382 modis
739 3319 842 3382 etiam
875 3319 1085 3401 quibusdam
1126 3331 1159 3382 et
1197 3317 1465 3381 execucionibus

244 3410 251 3425 ⁸
359 3417 513 3495 adiectiS,
544 3439 611 3500 que
640 3431 754 3482 tamen
783 3418 957 3502 stipendia
988 3440 1049 3482 seu
1081 3418 1208 3481 salaria
1240 3417 1460 3493 vicariorum,

361 3516 581 3581 Venerabilis
621 3532 717 3600 pater
754 3518 832 3582 d'ns
868 3518 1072 3582 Willelmus
1106 3517 1171 3580 Dei
1205 3517 1336 3602 gracia·
1357 3517 1460 3579 Ebor.

173 3665 345 3731 Arelruisnop
360 3621 568 3704 Archiep'us
594 3620 724 3705 Anglie
748 3622 884 3685 Primas
907 3622 966 3704 qui
991 3643 1082 3685 nunc
1104 3634 1165 3697 est,
1192 3622 1227 3682 in
1249 3641 1313 3684 suo
1336 3633 1464 3684 statuto

147 3731 249 3779 Menon
359 3742 464 3803 super
496 3721 801 3804 prebendariorum
833 3721 1024 3785 residencia
1056 3721 1089 3783 in
1122 3723 1203 3784 eccl.
1238 3719 1390 3804 Rypon'‚
1422 3719 1464 3783 de

146 3797 262 3845 ordered
277 3798 321 3845 ¹¹¹⁶
359 3841 557 3898 communa,
590 3821 691 3885 certis
722 3842 764 3884 ex
795 3822 910 3886 causis
942 3842 1020 3884 eum
1053 3821 1096 3884 ad
1129 3821 1194 3884 hoc
1227 3819 1460 3895 mouentibus,

147 3879 152 3889 ’
213 3873 257 3908 'l

145 3862 322 3990 {illinirif
360 3920 535 3984 ordinauit
563 3921 713 4004 persolui
740 3921 875 3984 debere.
941 3921 1100 4003 Cumque
1132 3920 1221 3983 idem
1255 3918 1463 3982 venerabilis

144 3993 328 4115 ppgdeommon
361 4033 456 4103 pater
479 4010 532 4082 ¹in
573 4020 836 4084 visitacionibus
875 4020 948 4084 suis
987 4041 1075 4102 quas
1115 4020 1147 4081 in
1188 4019 1279 4082 dicta
1317 4018 1462 4082 eeclesia

358 4120 520 4192 exercuit,
546 4121 696 4184 clamore
722 4121 861 4203 publico
887 4119 1051 4184 referente
1077 4119 1216 4201 pluries,
1244 4117 1462 4201 comperiens

360 4219 542 4301 porciones
580 4219 749 4283 dictorum
791 4220 997 4283 vicariorum
1037 4217 1109 4282 lore
1142 4218 1245 4281 nimis
1277 4230 1398 4281 tenues
1429 4231 1462 4280 et

134 4322 320 4398 putthougln
358 4319 476 4396 exiles
521 4340 561 4383 ac
606 4341 711 4402 super
758 4319 1006 4384 insufficieneia
1053 4317 1458 4401 ipsarum-porcionum

144 4387 341 4436 ¹¹¹⁰⁸¹¹ffi⁰¹⁰¹¹¹'
359 4432 514 4501 porrecta
559 4441 600 4482 ex
644 4432 739 4501 parte
778 4419 933 4502 ipsorum
975 4419 1180 4482 vicariorum
1220 4418 1331 4481 eidem
1374 4417 1459 4500 patri

357 4518 507 4600 quadam
556 4519 847 4602 interpellacione,
890 4533 1043 4582 tenorem
1087 4518 1146 4600 qui
1186 4518 1343 4600 sequitur
1380 4538 1444 4580 con

357 4618 497 4682 tinente.
541 4649 543 4660 ·
