3392 5650
276 688 318 768 56
550 687 634 751 Tm:
661 687 816 751 luorum(
843 685 1103 750 Manuscnrpr.

274 881 309 940 et
334 876 528 941 Insularum
550 877 637 961 ep'0,
662 877 792 962 Mag’ro
815 875 970 941 Galfrido
994 876 1036 940 de
1060 875 1189 940 Larder
1211 870 1382 938 Canonico

275 980 317 1045 de
338 980 476 1065 Ripon’,
499 981 636 1066 Mag'ris
658 981 795 1045 Simone
816 980 858 1045 de
879 981 1053 1045 Euesham
1075 986 1109 1044 et
1131 976 1319 1043 Laureneio
1341 974 1382 1038 de

275 1084 427 1161 Lineoln,
448 1085 562 1149 Will’o
581 1086 623 1150 de
643 1087 764 1168 Vescy,
786 1085 941 1166 Jordano
965 1085 1007 1149 de
1031 1083 1173 1169 Bingel',
1195 1081 1320 1164 Joh'ne
1340 1078 1382 1142 de

275 1188 401 1271 Sallay,
424 1189 552 1254 Rob'to
572 1189 614 1253 de
637 1189 724 1267 (sicu
742 1189 843 1253 Laur’
865 1189 908 1253 de
929 1189 1053 1272 Ripon'
1075 1186 1269 1271 capellanis
1291 1182 1380 1248 Gan.

275 1293 317 1357 de
339 1292 493 1358 Bocland
514 1299 549 1357 et
571 1292 739 1379 Reginald
760 1293 802 1357 de
824 1293 927 1369 stow,
950 1293 1089 1367 clericis
1112 1298 1146 1355 et
1168 1291 1251 1356 aliis.
1299 1289 1380 1352 Dat.

275 1398 369 1481 apud
396 1398 521 1482 Ripon'
549 1418 609 1482 per
634 1404 800 1463 manum²
827 1398 979 1462 eiusdem
1003 1396 1159 1471 Simonis
1185 1394 1288 1478 xiijmo
1313 1391 1380 1457 kal.

276 1502 370 1585 Julii,
392 1501 619 1568 Pontificatus
638 1502 746 1567 nostri
766 1523 857 1567 anno
876 1516 974 1567 xvm0.
1190 1511 1194 1518 '

424 1684 489 1766 (74)
511 1682 631 1747 Cnnrn
650 1682 777 1747 Wrrr'r
798 1698 883 1746 run
904 1681 1010 1746 Ross'r
1032 1698 1080 1745 nn
1099 1697 1236 1745 rouen.

363 1839 464 1903 Omn.
484 1837 559 1902 hoc,
579 1858 641 1901 ser.
662 1837 785 1902 visuris
804 1838 859 1901 vel
879 1836 1058 1911 audituris
1078 1835 1186 1900 Will's
1204 1834 1249 1899 fil.
1269 1832 1382 1905 Rob’i,

275 1940 432 2013 salutem.
480 1940 654 2005 Noueritis
692 1962 757 2017 me,
797 1946 1004 2025 procurante
1043 1940 1172 2025 Mag'ro
1211 1938 1300 2003 Gali.
1341 1938 1383 2001 de

275 2045 376 2110 Lard'
391 2045 473 2109 Can.
488 2045 626 2129 Ripon',
638 2045 776 2110 luminis
793 2047 913 2110 tumbe
929 2046 962 2109 b.
975 2043 1122 2109 Wilfridi
1139 2048 1382 2118 sustentatore,

274 2150 407 2214 dedisse
437 2129 596 2233 in⁸perp.
630 2150 669 2213 el.
702 2149 813 2214 eidem
843 2150 965 2214 lumini
995 2148 1224 2214 sustentando
1253 2147 1383 2212 toftum

274 2253 404 2339 integre
429 2254 523 2338 quod
549 2254 594 2318 ad
620 2275 675 2318 me
700 2254 772 2318 iure
798 2254 1004 2318 hereditario
1030 2254 1169 2318 deuenit
1195 2253 1230 2317 in
1257 2252 1381 2336 Ripon'

274 2363 365 2422 retro
386 2379 493 2441 sepeS,
517 2358 707 2423 Reddendo
728 2358 808 2422 inde
831 2358 1011 2423 annuatim
1033 2358 1215 2422 heredibus
1236 2355 1383 2421 Aldelini

274 2463 316 2527 de
343 2463 502 2538 Prestele‚
530 2462 590 2547 ijd.
619 2483 681 2547 pro
708 2463 801 2528 omni
825 2462 969 2527 seruicio
991 2468 1025 2526 et
1052 2462 1234 2527 demanda.
1284 2462 1384 2525 Hanc

273 2568 498 2633 donacionem
529 2567 667 2631 ecclesie
697 2568 791 2632 beati
821 2567 970 2631 Wilfridi
1000 2567 1148 2651 presenti
1181 2572 1277 2630 carta
1308 2586 1385 2629 mea

272 2672 381 2757 sigillo
397 2692 474 2736 meo
489 2672 626 2756 signata
642 2677 682 2736 ut
703 2678 780 2736 rata
795 2677 991 2756 perseueret
1007 2671 1042 2736 in
1058 2692 1152 2755 perp.
1171 2669 1382 2735 confirmaui.

274 2776 350 2842 Hiis
379 2776 537 2853 testibus,
568 2776 693 2853 Ranu’,
725 2775 879 2841 Roberto
908 2776 1032 2853 Sureis,
1064 2776 1176 2841 Rob’o
1204 2775 1250 2841 fil.
1281 2773 1382 2851 Gan,

272 2881 386 2946 Will'o
403 2882 445 2946 de
462 2882 630 2957 Masham,
649 2881 750 2964 Joh'e
767 2881 809 2946 de
826 2882 950 2965 Salley,
969 2881 1083 2956 Laur,
1103 2881 1213 2955 Helia,
1232 2879 1384 2964 Capella-

271 2986 335 3062 nis,
354 2987 479 3070 Joh’ne
497 2986 619 3051 Russel
636 2992 670 3050 et
687 2986 739 3050 W.
758 2985 800 3050 de
818 2986 943 3050 Biham
959 2991 1043 3050 tunc
1060 2985 1252 3070 prepositis,
1271 2984 1384 3049 Will'o

272 3090 314 3155 de
333 3090 454 3176 Gaugi,
476 3090 598 3166 Rob'0,
619 3090 755 3172 Joh'ne,
776 3090 948 3166 Diaconis,
969 3097 1003 3155 et
1023 3091 1106 3155 aliis.

449 3270 515 3353 (75)
542 3269 663 3334 Cnurn
687 3269 793 3333 Rou'r
818 3270 967 3333 Tarron
992 3286 1040 3333 ne
1065 3286 1202 3334 nonan.

359 3425 460 3489 Omn.
488 3423 520 3487 h.
547 3423 568 3487 1.
595 3423 657 3487 vis.
685 3423 749 3488 vel.
777 3424 856 3488 aud.
883 3424 990 3488 Rob’s
1017 3424 1144 3507 Talyor
1171 3425 1213 3489 de
1239 3423 1377 3508 Ripon’,

272 3528 430 3593 salutern.
479 3527 601 3592 Sciatis
630 3528 724 3612 quod
753 3549 814 3614 ego
844 3534 959 3593 totum
988 3529 1043 3613 jus
1066 3528 1161 3614 quod
1189 3528 1295 3594 habui
1323 3527 1378 3591 vel

273 3632 398 3696 habere
418 3631 517 3715 potui
538 3631 573 3696 in
594 3637 686 3696 terra
706 3632 865 3716 proxima
884 3633 1064 3698 adiacente
1081 3634 1171 3697 totto
1192 3633 1315 3698 Aluine
1336 3634 1378 3697 de

273 3735 440 3822 Gringele,
454 3756 561 3820 quarn
574 3735 723 3801 Garinus
739 3737 849 3821 pistor
864 3739 1042 3822 quondam
1058 3738 1182 3802 habuit
1198 3738 1233 3802 in
1251 3736 1376 3821 Ripon'

272 3841 357 3905 abut
385 3893 391 3906 .
419 3892 425 3904 .
454 3892 460 3904 .
489 3853 514 3905 ,3
545 3841 619 3904 raui
651 3846 685 3904 et
712 3841 870 3925 quietum
893 3842 1041 3907 clamaui
1065 3843 1143 3907 ecel.
1169 3843 1202 3907 b.
1231 3842 1379 3906 Wilfridi

273 3944 315 4009 de
339 3944 464 4028 Ripon,
482 3944 553 4009 scil.
572 3944 616 4009 ad
640 3953 865 4030 augmentum
885 3947 1022 4012 luminis
1039 3947 1125 4010 cerei
1142 3947 1262 4012 tumbe
1285 3946 1379 4031 quod
1433 3934 1436 3940 ’

272 4049 378 4134 Magr.
402 4048 490 4113 Galf.
515 4049 557 4113 de
579 4050 680 4114 Lard'
704 4051 856 4116 eiusdem
879 4053 957 4116 ecel.
976 4052 1160 4116 eanonicus
1182 4050 1376 4116 inueniend.

272 4153 436 4238 prouidit,
454 4153 505 4217 ita
521 4154 616 4238 quod
633 4174 695 4219 nec
712 4176 774 4240 ego
791 4176 854 4220 nec
871 4156 984 4220 hered.
999 4156 1066 4220 mei
1084 4155 1214 4240 aliquid
1232 4155 1266 4219 in
1284 4155 1379 4233 dicta

273 4263 363 4323 terra
388 4258 658 4334 vendicabimus,
683 4260 780 4324 saluo
804 4261 947 4325 seruicio
971 4260 1055 4344 iiijd.
1076 4261 1120 4325 ad
1148 4260 1246 4324 Pent.
1276 4266 1310 4323 et
1334 4260 1378 4324 ad

273 4362 296 4427 f.
315 4361 347 4426 S.
366 4363 411 4426 M.
429 4361 683 4428 reddendorum
699 4364 793 4429 dieto
817 4364 982 4449 Magistro
1004 4364 1044 4430 G.
1062 4364 1227 4429 canonico
1250 4371 1286 4429 et
1309 4365 1379 4430 suis

272 4467 523 4531 successoribus
561 4487 624 4551 pro
655 4469 748 4533 omni
778 4490 865 4534 serv.
901 4476 936 4533 et
967 4469 1043 4534 den.
1107 4470 1148 4534 In
1179 4469 1280 4534 huius
1314 4469 1376 4553 (26)

344 4626 351 4647 ¹
371 4621 415 4667 No
427 4620 567 4668 witnesses
580 4620 608 4667 in
622 4620 721 4683 Gray's
733 4621 859 4685 Register.

343 4706 353 4727 ²
372 4701 407 4748 So
420 4699 447 4748 in
461 4700 560 4763 Gray's
573 4700 698 4763 Regium,
714 4702 769 4748 aud
782 4700 894 4763 rightly.
934 4701 993 4763 Ing.
1004 4701 1060 4750 MS.
1075 4700 1125 4749 has
1141 4706 1155 4722 ‘⁶
1167 4699 1299 4750 annum.’'

343 4785 354 4816 ³
372 4780 415 4827 Au
429 4778 583 4828 occidental
596 4779 726 4828 omission
740 4780 768 4828 in
782 4780 830 4828 the
843 4780 899 4829 MS.
