3392 5650
645 730 739 795 Acrs
763 748 808 795 or
831 731 1010 796 Cunerum
1173 781 1178 787 .
1320 747 1381 813 151

274 910 441 973 mandata
472 911 543 974 fore
574 910 753 986 delusoria,
785 910 845 975 sed
876 931 938 994 pro
969 910 1099 974 viribus
1130 910 1307 995 cupientes
1339 910 1383 975 ad

274 1014 437 1077 honorem
459 1014 523 1077 Dei
544 1021 579 1079 et
601 1014 737 1078 ecclesie
759 1021 793 1079 et
815 1014 860 1078 ad
881 1014 1087 1079 vicariorum
1108 1016 1326 1079 honestatem
1348 1021 1382 1079 et

271 1117 323 1181 sui
349 1118 475 1202 gradus
501 1118 696 1182 decenciam
723 1140 763 1182 ea
789 1118 932 1182 firmiter
958 1119 1142 1194 obseruari,
1171 1120 1382 1183 auctoritate

272 1221 421 1306 Capituli
461 1223 659 1287 ordinamus
701 1230 735 1286 et
775 1223 973 1287 diffiniendo
1007 1224 1203 1298 statuimus
1234 1222 1328 1307 quod
1362 1245 1382 1287 a

271 1326 411 1411 singulis
442 1328 579 1412 vicarijs
610 1328 735 1391 nostris
766 1327 1015 1392 monicionibus
1046 1334 1080 1391 et
1112 1328 1382 1392 iniunccionibus

271 1432 479 1514 supradictis
497 1452 566 1496 non
584 1431 784 1515 parentibus
801 1453 881 1496 curn
899 1433 1034 1508 effectu,
1054 1432 1096 1495 de
1113 1432 1182 1497 suis
1200 1431 1381 1515 stipendiis

271 1556 338 1619 que
356 1536 398 1599 de
415 1557 563 1600 comuna
580 1536 729 1620 Capituli
747 1537 916 1621 recipiunt
934 1557 996 1620 pro
1013 1536 1167 1620 qualibet
1185 1536 1381 1620 septimana

271 1660 330 1703 sue
350 1641 517 1716 absencie,
543 1662 624 1723 ymo
644 1641 757 1705 verius
776 1660 835 1704 sue
855 1641 1070 1704 contumacie
1092 1646 1126 1703 et
1148 1639 1390 1704 inobediencie·
1403 1647 1481 1709 They
1494 1660 1540 1693 are
1555 1649 1585 1694 to

272 1744 355 1826 xijd.
380 1765 441 1827 per
462 1765 585 1808 manus
608 1744 790 1828 Camerarij
817 1744 967 1827 Capituli
989 1745 1249 1820 subtrahantur,
1273 1764 1379 1829 quam
1393 1712 1596 1829 ffirffilssssh

272 1868 396 1931 penam
423 1848 467 1912 ad
492 1869 593 1913 vsum
619 1855 653 1913 et
679 1848 869 1913 vtilitatem
894 1849 1100 1913 vicariorum
1125 1849 1380 1913 comorancium
1411 1847 1440 1896 οῖ
1453 1847 1579 1903 absence,

271 1952 306 2015 in
323 1953 497 2017 communi
514 1959 554 2016 vt
571 1954 725 2036 superius
743 1959 794 2017 est
812 1953 1010 2017 ordinatum
1028 1953 1187 2017 volumus
1204 1953 1379 2036 applicari.

272 2057 306 2121 Si
333 2077 414 2121 vero
441 2078 559 2121 omnes
586 2064 620 2122 et
647 2058 770 2141 singuli
796 2057 914 2141 vicarij
945 2057 1107 2122 indurato
1134 2058 1259 2132 anim0,
1287 2057 1382 2141 quod
1415 2120 1418 2123 ,

272 2161 373 2236 absit,
410 2162 535 2225 nostris
571 2162 777 2226 iussionibus
810 2168 844 2226 et
881 2161 1055 2226 mandatis
1091 2162 1133 2225 de
1169 2161 1379 2225 comorando

271 2266 373 2330 simul
390 2273 429 2330 ut
448 2267 617 2349 prefertur
634 2288 703 2331 non
721 2267 898 2350 pamerint
918 2287 997 2331 cum
1014 2266 1150 2341 effectu,
1169 2265 1330 2330 volumus
1348 2272 1382 2329 et

227 2409 232 2418 ι
272 2370 470 2435 ordinamus
499 2371 593 2455 quod
623 2373 667 2435 ab
696 2392 905 2455 vnoquoque
935 2371 1122 2435 eorundem
1151 2391 1214 2453 pro
1242 2369 1384 2454 singulis

272 2474 473 2557 septimanis
497 2475 531 2538 in
555 2476 680 2559 quibus
704 2476 739 2538 in
763 2475 832 2539 suis
856 2474 1075 2539 contumacia
1098 2480 1132 2538 et
1156 2474 1384 2557 proteruitate

238 2657 240 2659 V
273 2584 503 2661 perseuerant,
525 2585 559 2642 et
579 2599 758 2663 quovsque
778 2579 940 2642 duxerint
960 2578 1141 2642 convenire
1161 2584 1196 2642 et
1216 2578 1384 2641 comorari

274 2702 334 2764 per
362 2702 484 2745 manus
513 2682 695 2765 Camerarij
727 2682 830 2745 modo
860 2688 894 2745 et
924 2681 1033 2747 forma
1061 2682 1268 2765 supradictis
1296 2681 1381 2765 xijd.

273 2786 534 2861 subtrahantur,
566 2807 633 2871 que
664 2807 753 2870 pena
783 2787 831 2850 sic
860 2786 1004 2851 comissc
1034 2801 1090 2832 —1
1124 2785 1250 2850 fabrice
1285 2786 1384 2850 istius

274 2890 410 2954 ecclesie
434 2897 666 2955 conuertatur.
714 2891 803 2955 Acta
826 2897 908 2955 sunt
931 2892 993 2955 hec
1017 2913 1107 2954 anno
1131 2911 1246 2954 mense
1270 2897 1304 2953 et
1329 2890 1383 2953 die
1415 2902 1462 2949 the
1474 2901 1541 2949 fines
1553 2904 1584 2949 to

272 2994 489 3078 supradictis,
507 2996 723 3079 presentibus
739 2996 839 3059 dictis
856 2995 993 3079 vicarijs
1009 3007 1066 3040 —2
1083 2994 1183 3077 Joh’e
1203 2994 1245 3057 de
1265 2994 1383 3058 Thurri
1409 2982 1462 3081 fg⁰
1475 2971 1506 3016 to
1519 2967 1567 3015 the

1420 3034 1496 3082 aune
1509 3034 1587 3082 runo.

272 3106 307 3163 et
328 3100 482 3164 Roberto
501 3100 646 3175 Meroth,
667 3105 701 3164 et
722 3100 809 3183 alijs.

544 3242 630 3323 (223)
661 3241 702 3324 (A
726 3242 860 3305 further
885 3240 1110 3324 lnjunction).

361 3371 401 3434 ln
430 3370 494 3433 Dei
522 3370 669 3445 nomine,
699 3370 819 3434 Arnen.
868 3369 954 3435 Cum
982 3390 1091 3453 nuper
1119 3369 1217 3434 vobis
1246 3369 1381 3434 vicariis
1458 3381 1554 3437 1408.-

272 3473 372 3537 huius
389 3474 526 3537 ecclesie
546 3473 729 3558 Collegiate
748 3474 842 3538 beati
862 3473 1010 3538 Wiltridi
1028 3474 1153 3557 Rypon
1170 3474 1330 3538 omnibus
1346 3480 1381 3537 et
1431 3444 1505 3508 Sept.
1526 3447 1564 3492 ¹⁸·

272 3578 412 3662 singulis
448 3599 595 3662 quorum
633 3593 690 3623 -2
727 3579 894 3643 habemus
932 3599 994 3662 pro
1031 3578 1197 3661 expressis
1235 3578 1309 3642 vice
1346 3584 1381 3642 et

272 3683 480 3745 auctoritate
503 3682 651 3766 Capituli
675 3683 786 3747 luerat
808 3684 971 3747 canonice
993 3683 1187 3747 iniunctum
1209 3681 1381 3747 monitum

272 3792 307 3850 et
338 3786 544 3850 mandatum
575 3792 614 3850 vt
645 3787 833 3851 secundum
865 3787 936 3850 vim
967 3792 1122 3850 tenorem
1153 3793 1187 3849 et
1219 3786 1381 3851 effectum

268 3896 485 3974 statutorum
501 3891 599 3954 istius
616 3891 752 3954 ecclesie
769 3890 813 3954 ad
829 3911 977 3974 quorum
993 3891 1253 3954 obseruanciam
1269 3911 1331 3953 vos
1347 3898 1381 3954 et

272 4000 426 4058 vestrum
445 3995 590 4078 quilibet
610 3995 645 4058 in
664 4016 726 4058 sua
745 3994 951 4058 admissione
970 3994 1107 4075 vinculo
1127 3994 1310 4058 iuramenti
1330 4000 1381 4058 est

272 4098 434 4162 astrictus
465 4119 527 4182 pro
559 4119 655 4162 mora
686 4104 721 4162 et
753 4099 1012 4162 cohabitacione
1044 4099 1166 4161 vestris
1198 4098 1237 4161 in·
1264 4118 1382 4162 mensa

272 4203 445 4266 communi
469 4203 558 4266 intra
580 4202 766 4266 bedernam
789 4209 942 4265 vestram
965 4201 1121 4266 ordinare
1144 4208 1178 4265 et
1202 4202 1381 4285 prouidere

272 4307 473 4370 curaueritis
511 4307 659 4370 termino
696 4307 848 4390 legitimo
887 4313 921 4369 et
960 4306 1170 4389 competenti
1208 4307 1307 4392 vobis
1346 4312 1380 4370 et

272 4417 426 4474 vestrum
447 4410 587 4495 singulis
608 4411 738 4493 prefixo
759 4417 793 4473 et
815 4411 999 4495 assignato
1022 4431 1084 4473 vos
1105 4415 1222 4474 tamen
1243 4410 1380 4492 Joh'em
1394 4447 1481 4495 Three
1498 4448 1527 4495 or
1545 4448 1592 4496 the

273 4515 349 4598 Ely,
380 4515 491 4579 Ric'm
520 4516 666 4591 Morton,
696 4521 730 4578 et
758 4515 896 4598 Joh’em
924 4515 1088 4598 Quinton,
1118 4515 1216 4579 istius
1243 4515 1380 4578 ecclesie
1418 4514 1572 4629 Γνέζὲἧῖοῖὲθ

344 4669 351 4691 ¹
372 4664 499 4712 Portions
515 4665 543 4712 of
558 4665 586 4712 ff.
603 4628 649 4722 ὁῑ,
662 4667 704 4718 62.
720 4664 791 4713 have
808 4666 877 4713 been
891 4669 972 4713 caten
989 4679 1076 4727 away.
1116 4664 1165 4711 We
1180 4678 1245 4727 may
1260 4664 1381 4728 perhaps
1567 4621 1572 4638 '

272 4745 373 4808 supply
391 4748 406 4764 ‘⁴
417 4744 497 4807 culpe
508 4744 524 4763 ’'
541 4744 612 4791 here.

342 4839 353 4862 ²
371 4835 396 4882 A
408 4836 483 4884 word
496 4849 528 4884 or
543 4838 598 4884 two
611 4850 689 4899 gone.
