3392 5650
563 716 661 780 Acrs
685 735 731 781 os
755 716 946 782 Cunerum
1267 736 1304 795 3¹

201 893 308 957 cedue
326 892 414 956 inter
429 892 628 956 venerabile
644 892 835 975 capitulum
854 893 936 956 eccl.
952 894 1030 956 coll.
1048 905 1080 956 et
1098 891 1308 975 parochialis

204 991 344 1076 Rypon'
369 1013 485 1055 coram
516 992 617 1055 nobis
643 991 713 1054 d'ni
743 991 913 1056 Officialis
942 992 1045 1057 Curie
1074 992 1177 1056 Ebor.
1206 990 1309 1055 Com-

202 1092 362 1155 missario
404 1091 572 1175 generali,
617 1105 747 1174 partem
787 1094 959 1167 actricem,
1001 1114 1060 1176 per
1096 1092 1306 1175 Magistrum

200 1192 395 1277 Jobannem
424 1192 467 1255 de
496 1191 644 1255 Stanton
679 1206 936 1274 procuratorem
969 1207 1239 1276 comparentem,
1266 1213 1308 1256 ex

203 1304 297 1375 parte
320 1313 399 1366 vna,
419 1304 452 1356 et
472 1292 646 1356 Thomam
670 1290 780 1354 filium
803 1292 982 1377 SymoniS,
1001 1291 1136 1378 Joh'em
1163 1292 1310 1356 Storour

201 1393 243 1456 de
263 1392 468 1467 Munlreton,
492 1392 674 1475 Rogerum
694 1391 852 1477 Wryght
868 1392 910 1455 de
937 1391 1090 1476 Rypon',
1114 1392 1307 1456 Robertum

202 1490 248 1554 fit.
272 1491 416 1555 Roberti
442 1491 668 1566 Mariotsone,
688 1503 721 1554 et
744 1489 877 1573 Joh'em
898 1487 1096 1572 Wbytbred
1114 1488 1156 1552 de
1173 1488 1305 1570 Thorp,

204 1591 435 1673 parochianos
464 1591 553 1654 dicte
577 1592 658 1654 eccl.
689 1591 767 1654 coll.
797 1600 830 1652 et
858 1588 1067 1671 parochialis
1095 1588 1137 1652 de
1168 1577 1308 1671 Rypon'

203 1711 263 1773 per
278 1691 487 1774 Magistrum
502 1690 635 1774 Joh'em
650 1691 692 1754 de
709 1686 877 1773 Rouclyff
889 1700 1158 1770 comparentem,
1175 1700 1304 1770 partem

203 1812 308 1866 ream,
337 1812 379 1853 ex
407 1792 525 1864 altera,
557 1791 674 1852 oblato
706 1790 823 1853 libello
855 1788 1119 1852 conuencionali
1153 1799 1305 1870 tenorem

202 1892 260 1973 qui
279 1891 437 1972 sequitur
452 1890 662 1953 continente.

292 2054 330 2115 ln
351 2052 416 2116 Dei
436 2052 588 2125 nomine,
611 2052 736 2116 Amen.
786 2050 912 2115 Coram
939 2051 1038 2114 vobis
1060 2049 1142 2113 d’no
1159 2049 1308 2113 Officiali

203 2153 306 2217 Curie
334 2152 438 2216 Ebor.
468 2165 626 2216 vestrove
655 2151 907 2216 Commissario
935 2150 1090 2234 generali
1121 2149 1204 2233 petit
1233 2170 1310 2232 pro-

202 2265 340 2315 curator
372 2251 580 2314 venerabilis
613 2250 764 2333 Capituli
797 2252 878 2320 eccl.
914 2252 992 2314 coll.
1028 2265 1061 2315 et
1093 2250 1232 2333 paroch.
1267 2251 1309 2314 de

205 2350 347 2436 Rypon’
364 2350 505 2413 nomine
523 2350 760 2432 procuratorio
778 2371 839 2432 pro
857 2350 977 2414 eodem
996 2350 1169 2423 Thomam
1190 2349 1235 2412 fil.
1254 2350 1305 2425 S,

201 2452 230 2535 J.
260 2452 296 2513 S.
324 2451 366 2513 de
393 2450 456 2525 Μ..
480 2450 523 2512 R.
546 2449 606 2512 W.
627 2450 668 2513 de
697 2450 754 2523 R,
785 2449 828 2511 R.
850 2447 896 2511 fil.
922 2449 965 2512 R.
989 2449 1051 2526 M„
1072 2461 1105 2513 et
1127 2448 1156 2532 J.
1186 2448 1245 2511 W.
1266 2449 1308 2512 de

202 2551 259 2626 T.,
281 2550 512 2632 parochianos
529 2547 618 2612 dicte
635 2549 755 2611 eccles.
776 2549 854 2611 coll.
875 2561 908 2611 et
926 2547 1065 2629 paroch.
1089 2547 1231 2630 Ripon',
1248 2547 1306 2629 qui

203 2652 344 2712 hoscam
360 2649 436 2728 (sic)
450 2661 482 2711 et
495 2648 620 2710 siluam
635 2648 779 2711 ceduam
796 2648 829 2710 in
846 2649 922 2711 loco
936 2661 1058 2711 vocato
1073 2650 1103 2711 le
1118 2647 1308 2711 Horsclose
1384 2660 1485 2736 Nina..

202 2762 235 2813 et
248 2751 392 2811 boscum
411 2761 443 2811 et
460 2748 537 2810 silv.
552 2747 624 2811 ced.
643 2747 676 2808 in
692 2748 767 2812 loco
784 2748 842 2830 qui
859 2761 1002 2810 vocatur
1016 2749 1046 2811 le
1064 2747 1304 2833 Stubbynges,
1323 2726 1516 2841 οξξῌὲξῗζξῖἳζ

202 2871 270 2932 que
287 2849 426 2931 quidem
446 2849 534 2910 silue
551 2848 658 2912 cedue
674 2869 716 2910 ex
733 2847 862 2911 eisdem
887 2848 1054 2930 stirpibus
1077 2860 1110 2912 et
1135 2848 1309 2911 radicibus
1323 2858 1437 2906 certius·

203 2961 431 3013 renascuntur
476 2961 509 3010 et
556 2962 761 3022 recrescunt,
804 2961 836 3010 et
875 2948 924 3011 sic
963 2948 1081 3030 sepius
1121 2968 1308 3012 recrescere

201 3060 460 3113 consueuerunt
478 3045 565 3109 infra
586 3045 673 3110 fines
697 3060 730 3109 et
754 3047 881 3110 limites
906 3061 938 3110 et
963 3049 1038 3111 loca
1061 3047 1309 3111 decimacionis

202 3149 291 3212 dicte
314 3148 396 3212 eccl.
422 3147 464 3210 de
492 3146 535 3208 R.
562 3147 802 3221 existentibus,
829 3147 862 3208 in
888 3168 983 3210 anno
1009 3146 1091 3209 D'ni
1119 3147 1309 3210 Millesimo

202 3256 301 3313 ccc¹¹¹‘0
332 3247 553 3330 sexagesimo
585 3260 709 3329 quarto
740 3261 977 3329 amputarunt,
1012 3247 1243 3324 succiderunt,
1278 3260 1311 3310 et

202 3348 373 3430 amputari
393 3361 425 3410 et
441 3347 571 3410 succidi
590 3346 744 3411 fecerunt
760 3361 793 3411 et
807 3347 839 3409 in
856 3368 939 3411 vsus
953 3368 1037 3410 suos
1050 3359 1307 3422 conuerterunt,

203 3463 235 3512 et
259 3448 406 3530 quilibet
433 3469 552 3511 eorum
582 3447 789 3529 amputauit,
820 3447 977 3521 succidit,
1008 3469 1047 3511 ac
1077 3448 1249 3530 amputari
1278 3462 1311 3511 et

202 3547 332 3611 succidi
358 3546 436 3610 fecit
460 3561 492 3609 et
522 3547 711 3622 mandauit,
739 3560 772 3610 et
801 3547 833 3608 in
864 3569 964 3610 vsum
994 3568 1096 3610 suum
1126 3547 1307 3620 conuertit,

204 3649 293 3711 iusta
324 3660 356 3710 et
390 3668 470 3710 vera
501 3647 653 3710 decima¹
686 3646 775 3710 dicte
808 3647 897 3710 silue
928 3647 1046 3724 cedue,
1081 3668 1186 3729 quam
1220 3647 1309 3711 idem

204 3760 405 3831 procurator
422 3745 502 3810 facit
518 3761 551 3809 et
567 3747 705 3810 estimat
721 3747 764 3809 ad
783 3747 908 3831 viginti
926 3748 1058 3811 solidos
1075 3749 1222 3832 argenti,
1242 3770 1310 3831 que

202 3847 342 3931 quidem
361 3847 495 3910 decima
512 3847 612 3909 dictis
629 3846 774 3911 ecclesie
795 3847 935 3929 paroch.
957 3859 990 3911 et
1014 3847 1177 3930 Capitulo
1201 3861 1253 3912 est
1268 3849 1310 3913 de

205 3948 277 4011 iure
308 3959 341 4010 et
372 3937 638 4010 consuetudine
653 3945 839 4009 laudabili2
869 3946 1001 4009 notorie
1024 3947 1140 4010 debita
1163 3961 1196 4010 et
1219 3949 1309 4011 solui

202 4060 368 4112 consueta
384 4059 417 4109 et
435 4067 494 4128 per
510 4046 649 4110 eosdem
669 4047 723 4120 T.,
743 4046 787 4129 J.,
810 4045 869 4120 R,
890 4045 948 4123 R.,
964 4059 997 4109 et
1013 4045 1056 4129 J.,
1077 4047 1135 4129 qui
1154 4060 1309 4130 exparte

202 4147 282 4211 dicti
300 4146 440 4229 capituli
460 4166 565 4228 super
581 4146 761 4209 solucione
777 4159 810 4209 et
828 4145 1044 4227 prestacione
1064 4146 1153 4210 dicte
1177 4148 1309 4211 decime

204 4267 359 4330 congrue
388 4246 554 4327 requisiti,
587 4245 698 4326 ipsam
728 4245 898 4309 decimam
929 4247 1064 4309 soluere
1094 4260 1306 4323 recusarunt,

204 4361 236 4410 et
252 4347 399 4428 quilibet
416 4367 535 4409 eorum
556 4345 682 4409 iniuste
704 4345 886 4419 recusauit,
908 4344 1059 4409 indebite
1079 4349 1254 4410 subtracta
1278 4361 1310 4411 et

205 4467 266 4529 per
299 4447 439 4510 eosdem
473 4446 611 4509 detenta
642 4459 675 4508 et
708 4466 775 4507 non
809 4445 934 4516 soluta,
971 4445 1003 4507 in
1037 4445 1116 4508 dicti
1158 4445 1309 4529 Capituli

206 4546 366 4609 iniuriam
385 4561 417 4609 et
435 4545 662 4628 preiudicium
682 4544 915 4608 manifestum.

270 4703 276 4723 ¹
297 4697 353 4745 MS.
369 4699 418 4745 bas
434 4701 451 4723 ‘⁴
462 4697 486 4744 in
500 4698 570 4744 iusta
584 4698 607 4744 ἃ
621 4695 663 4743 v'a
676 4695 808 4750 decime,''
822 4695 908 4742 wbicb
922 4695 1001 4756 gives
1014 4711 1048 4743 no
1061 4712 1150 4745 sense.

269 4789 279 4811 ²
298 4786 454 4835 “laudabili
467 4785 478 4799 ''
492 4784 623 4849 repeated
636 4785 661 4831 in
676 4784 733 4832 MS.
