3392 5650
133 1283 251 1332 Nicho¹¹⁸

132 1350 257 1400 Mordab.

310 709 352 774 94
601 692 680 758 Tun
705 694 861 760 Iuouor
885 696 1133 763 Mnuuscmrr.

309 870 414 934 habui
439 872 493 935 vel
518 873 643 937 habere
667 875 765 956 potui
790 875 824 938 in
849 875 906 938 illo
931 876 1105 960 mesuagio
1130 876 1164 939 in
1190 876 1315 958 Ripon'
1341 896 1420 939 cum

308 980 395 1057 pert.
409 976 503 1059 quod
516 975 619 1041 Walt.
635 978 741 1042 frater
753 999 849 1043 meus
862 980 964 1043 michi
978 980 1085 1055 dedit,
1099 980 1193 1064 quod
1206 980 1420 1063 mesuagium

308 1078 396 1141 iacet
425 1080 651 1164 propinquius
678 1083 770 1146 curie
799 1083 952 1167 Magistri
981 1083 1013 1167 J.
1045 1084 1204 1159 Romani,
1233 1084 1419 1148 subdecani

310 1183 413 1246 Ebor.
458 1184 539 1248 Ten.
565 1185 598 1249 li.
624 1192 658 1249 et
686 1186 756 1270 qui.
782 1187 824 1250 de
853 1188 1027 1270 prebenda
1054 1209 1122 1272 que
1149 1188 1327 1273 quondam
1355 1188 1420 1253 fuit

311 1285 423 1350 Nich’i
458 1288 612 1365 Mordah,
646 1296 680 1354 et
713 1291 756 1354 de
788 1311 877 1355 succ.
913 1291 1018 1375 ipsius
1051 1293 1223 1375 prebende
1255 1293 1290 1355 in
1324 1312 1418 1376 perp.

312 1391 421 1456 Redd.
443 1393 534 1457 -inde
564 1395 746 1459 annuatim
777 1395 905 1460 Canon.
939 1397 1030 1460 dicte
1061 1397 1232 1479 prebende
1264 1403 1297 1461 et
1329 1418 1419 1461 succ.

223 1518 227 1525 ·
309 1500 378 1559 tres
395 1497 562 1573 denarios
580 1520 625 1563 sc.
644 1499 678 1583 iij
699 1501 753 1564 ob.
773 1500 817 1564 ad
842 1500 940 1565 Pent.
960 1507 994 1564 et
1011 1501 1045 1584 iij
1065 1502 1120 1565 ob.
1140 1501 1184 1565 ad
1202 1501 1224 1565 f.
1244 1501 1276 1566 S.
1297 1501 1340 1565 M.
1360 1522 1422 1584 pro

309 1621 400 1664 omn.
420 1602 571 1666 seruiciis
589 1611 623 1667 et
642 1604 832 1668 demandis.
881 1605 927 1668 Vt
946 1611 1064 1668 autem
1082 1606 1114 1669 h.
1134 1605 1280 1669 donacio
1298 1612 1331 1669 et
1350 1605 1420 1689 qui.

309 1705 498 1770 clamancia
526 1708 568 1771 de
596 1729 650 1772 me
679 1715 712 1772 et
741 1709 783 1772 de
811 1710 881 1773 her.
912 1730 956 1773 m.
986 1708 1021 1772 in
1049 1729 1143 1793 perp.
1175 1730 1194 1773 a
1223 1710 1359 1773 nemine
1387 1710 1421 1773 in

310 1810 454 1891 posteris
481 1812 694 1895 temporibus
720 1813 827 1896 possit
854 1812 1003 1897 infringi,
1031 1833 1081 1896 pr.
1109 1833 1171 1878 scr.
1199 1814 1260 1897 sig.
1289 1834 1333 1877 m.
1363 1833 1422 1896 ap-

309 1914 481 1997 posicione
498 1917 667 1981 roboraui.
716 1917 760 1981 H.
779 1923 805 1982 t.
825 1917 955 2001 Mag'ro
972 1916 1012 1982 G.
1031 1918 1074 1981 de
1091 1917 1220 1981 Larder
1235 1924 1269 1981 et
1287 1918 1419 1981 ceteris.

525 2096 612 2178 (150)
639 2096 695 2160 DE
720 2113 858 2161 EODEM.
909 2096 1057 2178 (Similar
1079 2098 1206 2181 grant).

397 2248 498 2311 Omn.
518 2248 562 2311 ad
578 2268 665 2332 quos
677 2268 727 2330 pr.
746 2268 808 2312 scr.
823 2248 1028 2330 peruenerit,
1043 2246 1217 2311 Gunnilda
1234 2247 1278 2312 fil.
1297 2248 1422 2312 Ketelli

226 2419 236 2441 ‚
309 2351 351 2415 de
374 2351 511 2435 Ripon’,
534 2373 582 2416 sa.
630 2351 718 2416 Nou.
742 2373 797 2416 me
818 2352 895 2416 ded.
919 2372 1014 2416 conc.
1038 2357 1072 2415 et
1094 2353 1127 2416 h.
1151 2373 1184 2435 p.
1207 2373 1235 2416 c.
1260 2372 1304 2415 m.
1329 2353 1418 2416 conf.

140 3389 203 3451 (nd.
218 3391 253 3438 de

113 3459 180 3506 Mels
182 3457 277 3519 anby).

308 2455 422 2519 Will'o
440 2457 557 2539 nepoti
576 2476 652 2520 meo
670 2463 705 2520 et
723 2456 927 2540 cuicumque
946 2456 1037 2531 dare,
1057 2456 1216 2531 vendere,
1236 2457 1418 2540 assignare,

308 2560 363 2623 vel
383 2560 611 2647 impignorare
631 2561 789 2634 voluerit,
808 2567 923 2624 totum
939 2559 995 2643 jus
1011 2567 1045 2624 et
1066 2561 1128 2624 cla.
1150 2561 1244 2645 quod
1265 2580 1421 2644 vnquam

309 2665 414 2729 habui
444 2666 498 2728 vel
528 2666 653 2729 habere
677 2665 774 2747 potui
799 2665 834 2728 in
858 2665 915 2728 illo
939 2665 1114 2748 mesuagio
1137 2665 1172 2729 in
1197 2664 1312 2747 Ripon
1342 2684 1421 2729 cum

308 2769 431 2852 pertin.
450 2770 668 2854 quod'Alicia
685 2790 780 2833 soror
796 2789 873 2834 mea.
889 2769 953 2833 sibi
970 2769 1077 2844 dedit,
1095 2769 1190 2853 quod
1207 2770 1422 2854 mesuagium

308 2874 396 2937 iacet
419 2875 645 2958 propinquius
668 2875 759 2938 curie
782 2874 854 2938 d'ni
879 2874 982 2949 Petri,
1007 2874 1169 2938 Canonici
1194 2874 1332 2957 Ripon',
1358 2895 1420 2957 pro

307 2978 460 3061 quadam
490 3000 625 3043 summa
657 2978 799 3061 pecunie
829 2998 936 3061 quam
966 2978 1070 3042 michi
1100 2978 1248 3042 contulit
1279 2978 1314 3042 in
1345 2999 1422 3041 mea

307 3102 433 3166 magna
465 3083 677 3146 necessitate.
740 3083 822 3146 Ten.
857 3089 891 3145 et
924 3083 1003 3146 hab.
1038 3082 1149 3145 eidem
1181 3081 1294 3145 Will'o
1327 3089 1361 3145 et
1393 3103 1419 3145 s.

309 3188 432 3270 assign.
447 3187 479 3250 li.
494 3187 564 3271 qui.
579 3186 730 3270 pacifice,
744 3187 841 3260 bene,
856 3186 950 3250 redd.
965 3186 1045 3250 inde
1057 3186 1240 3250 annuatim
1252 3186 1421 3270 quamdiu

266 3322 275 3331 ·
309 3292 428 3355 vixero
460 3291 507 3374 jd
542 3291 586 3355 ad
620 3290 690 3354 Nat
693 3290 745 3354 ale
772 3290 853 3354 D’ni
886 3289 999 3354 michi.
1048 3291 1093 3353 Et
1127 3290 1299 3354 Canonico
1331 3290 1421 3354 illius

308 3396 481 3564 prebende
498 3416 565 3479 que
582 3395 648 3459 iuit
667 3396 755 3458 bone
772 3393 935 3458 memorie
954 3394 1070 3478 Mag*
1046 3414 1073 3457 n
1091 3394 1165 3458 Ade
1182 3394 1225 3457 de
1243 3394 1420 3561 Melsenbty

307 3625 369 3688 pro
391 3605 484 3668 omni
482 3551 648 3667 seculari
665 3603 847 3666 exaccione
872 3603 934 3684 (45)
958 3551 992 3665 et
1008 3602 1191 3667 demanda.
1236 3550 1285 3666 'Et
1302 3605 1342 3666 ut
1359 3603 1421 3666 hec

307 3730 384 3772 mea
397 3709 542 3773 donacio
556 3713 591 3771 et
605 3707 674 3791 qui.
690 3707 753 3771 cla.
769 3707 811 3770 de
826 3727 880 3770 me
895 3713 929 3770 et
944 3707 1013 3771 her.
1029 3727 1074 3770 m.
1090 3707 1125 3770 in
1140 3727 1234 3791 perp.
1251 3728 1271 3771 a
1285 3727 1421 3771 nemine

307 3813 341 3878 in
371 3813 515 3896 posteris
545 3812 758 3894 temporibus
786 3811 894 3894 possit
927 3811 1075 3894 infringi,
1106 3831 1156 3895 pr.
1187 3831 1249 3875 scr.
1280 3811 1341 3895 sig.
1373 3832 1418 3876 m.

307 3917 525 4001 apposicione
545 3916 715 3980 roboraui.
764 3915 808 3979 H.
830 3921 856 3979 t.
880 3914 977 3978 Pet’o
997 3915 1039 3978 de
1061 3915 1186 3998 Eyuill‚
1209 3922 1243 3979 et
1264 3916 1396 3979 ceteris,

525 4093 611 4174 (151)
639 4092 695 4156 DE
720 4109 858 4156 EODEM.
908 4091 1057 4173 (Similar
1078 4093 1205 4176 grant).

398 4250 450 4314 Sc.
480 4270 571 4313 omn.
602 4255 674 4312 tam
698 4268 784 4331 pres.
810 4268 916 4331 quam
940 4247 1004 4312 fut.
1030 4247 1124 4330 quod
1151 4268 1212 4331 ego
1240 4247 1343 4313 Walt.
1373 4248 1418 4314 fil.

244 4395 250 4406 ·
311 4354 437 4419 Ketelli
456 4354 497 4418 de
517 4353 631 4437 Ripon
650 4352 728 4415 dedi
747 4372 841 4416 conc.
862 4358 896 4415 et
921 4352 952 4414 h.
974 4372 1007 4435 p.
1027 4372 1055 4415 c.
1076 4371 1121 4415 m.
1141 4351 1230 4415 conf.
1251 4351 1294 4415 de
1312 4372 1367 4416 me
1385 4359 1419 4416 et

310 4461 380 4525 her.
398 4480 456 4533 m,
474 4465 589 4522 totum
608 4457 663 4541 jus
682 4457 776 4542 quod
799 4456 905 4519 habui
927 4456 982 4518 vel
1004 4456 1130 4519 habere
1151 4456 1249 4539 potui
1272 4456 1306 4519 in
1329 4457 1418 4521 med.

310 4565 389 4628 tofti
406 4564 473 4627 mei
489 4563 524 4627 in
541 4563 655 4645 Ripon
671 4582 751 4625 cum
767 4561 887 4624 maiori
904 4560 1007 4623 domo
1023 4580 1100 4623 mea
1115 4560 1210 4644 quod
1226 4560 1314 4623 iacet
1331 4561 1421 4625 inter

309 4668 519 4752 prebendam
540 4687 607 4751 que
629 4666 694 4731 fuit
715 4667 804 4729 bone
824 4664 987 4728 memorie
1008 4663 1079 4727 d'ni
1100 4663 1202 4728 Will'i
1223 4664 1266 4728 de
1286 4665 1420 4729 Orliens

309 4774 485 4859 quondam
502 4771 663 4836 Canonici
680 4769 805 4853 Ripon’
823 4776 857 4832 et
874 4769 1004 4832 toftum
1020 4768 1179 4832 Elianore
1195 4769 1237 4832 de
1254 4768 1417 4834 Midelton
