3392 5650
626 705 720 771 Acrs
743 724 789 771 or
812 705 990 771 CHAPTER.
1301 721 1362 787 143

347 887 447 962 Item,
467 887 549 970 quia
569 885 730 950 Canonici
750 885 935 950 residentes
955 885 1133 950 retroactis
1152 884 1365 967 temporibus
1390 873 1502 1003 effi}
1514 874 1565 987 ἓξῗ

257 991 444 1055 maioribus
460 997 494 1054 et
511 990 795 1073 solempnioribus
811 990 1061 1054 iestiuitatibus
1077 989 1158 1053 anni
1175 988 1209 1052 in
1225 988 1364 1052 ecclesia
1378 1021 1454 1070 ways
1471 1006 1576 1055 resideo

257 1101 376 1159 nostra
399 1095 543 1159 residere
566 1101 600 1158 et
624 1095 749 1159 diuinis
772 1094 934 1159 interesse
957 1094 1074 1158 officiis
1097 1115 1166 1158 non
1188 1098 1363 1167 curarunt,
1402 1073 1553 1204 &gem

255 1220 329 1274 nos,
367 1199 402 1262 in
440 1198 548 1263 diuini
585 1199 699 1263 cultus
736 1204 961 1283 augmentum
999 1204 1033 1261 et
1071 1198 1191 1262 honori
1229 1196 1365 1260 ecclesie
1390 1207 1466 1256 choir
1479 1213 1513 1255 at<
1522 1207 1571 1255 the

256 1303 448 1386 prospicere
473 1303 660 1385 cupientes
687 1324 727 1366 ac
751 1303 933 1367 canonicos
958 1308 992 1366 et
1017 1303 1205 1366 confratres
1230 1307 1365 1365 nostros
1414 1277 1539 1389 Ῐξζξξζξζῖὃ

257 1414 431 1490 presentes
467 1413 502 1471 et
539 1408 673 1471 futuros
710 1407 754 1471 ad
790 1406 1008 1471 residendum
1045 1407 1079 1471 in
1116 1406 1365 1471 festiuitatibus

257 1511 463 1594 supradictis
494 1511 645 1575 animare
676 1510 841 1587 volentes,
875 1511 917 1575 de
948 1510 1102 1575 unanimi
1133 1530 1299 1574 consensu
1330 1515 1364 1573 et

258 1636 397 1680 assensu
429 1616 583 1680 omnium
616 1620 650 1679 et
682 1616 893 1700 singulorum
925 1614 1137 1679 confratrum
1170 1621 1365 1679 nostrorum

257 1719 480 1803 presencium,
514 1719 701 1784 statuimus
733 1725 766 1783 et
799 1719 998 1784 diffiniendo
1030 1719 1238 1794 ordinamus,
1271 1717 1365 1803 quod

257 1823 402 1907 quilibet
429 1824 620 1888 Canonicus
646 1822 874 1887 residencialis
899 1823 958 1907 qui
985 1823 1019 1887 in
1046 1823 1134 1887 festo
1161 1822 1366 1887 Natiuitatis
1397 1841 1442 1876 are
1456 1841 1518 1875 now
1531 1829 1562 1874 to

258 1928 398 1992 Domini
431 1934 465 1991 et
498 1949 558 2011 per
590 1930 733 1993 octabas
765 1928 917 1993 eiusdem
950 1927 1172 1991 residenciam
1205 1927 1239 1991 in
1272 1926 1366 1991 dicta
1397 1895 1561 2024 ξᾚζζῖξ

242 2013 398 2096 'ecelesia
430 2039 547 2097 nostra
580 2032 696 2096 iecerit
727 2032 951 2116 personalem,
980 2031 1093 2115 xxvjs.
1127 2032 1292 2116 percipiat
1324 2030 1366 2095 de
1415 2028 1485 2076 rrom
1499 2028 1547 2078 the

258 2156 428 2213 comuna;
453 2137 512 2220 qui
543 2157 624 2201 vero
655 2138 689 2201 in
716 2138 805 2201 festo
837 2137 987 2201 Paschae
1010 2158 1088 2201 cum
1112 2136 1222 2200 tribus
1246 2135 1366 2199 diebus
1414 2108 1543 2210 cffirqp

258 2241 481 2325 sequentibus
519 2240 607 2324 xiijs.
648 2240 744 2324 iiijd,
783 2245 818 2304 et
856 2241 915 2324 qui
953 2241 988 2305 in
1026 2241 1114 2304 festo
1151 2239 1366 2303 Ascensionis
1380 2228 1596 2344 k‘ssfel'nissgffil

260 2343 398 2418 Domini
424 2366 504 2409 cum
531 2346 640 2410 tribus
667 2345 787 2411 diebus
813 2345 1074 2430 precedentibus
1100 2344 1255 2409 similiter
1281 2344 1366 2408 duas
1405 2365 1516 2437 present
1529 2361 1557 2408 in

260 2468 403 2523 marcas
417 2448 452 2513 in
465 2449 553 2514 festo
566 2450 785 2514 Pentecostes
797 2471 877 2514 cum
889 2449 1000 2514 tribus
1009 2437 1132 2513 ¹diebus
1144 2449 1367 2533 sequentibus
1439 2429 1522 2477 Μ’

196 2629 197 2633 ¹
259 2552 483 2635 personaliter
502 2553 674 2629 residebit,
692 2554 914 2619 consimiliter
930 2554 1018 2638 xiijs.
1038 2554 1121 2638 iiijd.
1140 2553 1305 2638 percipiat
1325 2553 1367 2617 de

259 2676 416 2721 COfflUssa.

348 2785 442 2851 Nota
463 2787 557 2871 quod
578 2788 723 2872 quilibet
746 2787 937 2853 Canonicus
959 2787 1104 2852 residere
1125 2787 1243 2853 volens
1265 2787 1368 2852 debet

260 2892 473 2975 personalem
506 2913 568 2956 sua
601 2893 739 2977 propria
771 2912 917 2976 persona
951 2892 1238 2976 protestacionem
1270 2912 1368 2956 suam

259 2995 370 3059 facere
388 2996 423 3059 in
442 2995 627 3078 Capitulol

349 3125 439 3188 Item
474 3129 648 3190 statutum
683 3131 718 3190 et
758 3125 956 3190 ordinatum
995 3132 1047 3189 est
1086 3126 1180 3210 quod
1224 3126 1369 3211 quilibet
1384 3150 1572 3199 Protestation

261 3229 452 3293 Canonicus
472 3229 590 3293 volens
611 3230 645 3293 in
665 3236 783 3294 nostra
803 3230 944 3313 ecclesia
963 3229 1107 3294 residere
1127 3251 1189 3314 pro
1208 3231 1370 3315 primaria
1382 3218 1412 3266 ⁰f
1424 3218 1571 3268 residence.

261 3333 448 3398 residencia
466 3334 633 3410 facienda,
652 3334 746 3418 prius
765 3334 907 3399 accedat
925 3334 1149 3419 personaliter
1166 3335 1210 3399 ad
1228 3335 1370 3400 domum

261 3437 494 3521 Capitularem
529 3438 681 3502 eiusdem
716 3439 853 3503 ecclesie
888 3439 922 3503 in
958 3439 1047 3503 festo
1081 3439 1371 3505 Annunciacionis

263 3542 369 3606 Beate
397 3542 502 3606 Marte
530 3543 584 3606 vel
611 3543 700 3607 infra
727 3549 806 3607 octo
834 3543 906 3607 dies
933 3544 1088 3627 proxime
1115 3551 1306 3628 sequentes,
1335 3551 1370 3609 et

262 3645 389 3710 ibidem
401 3647 625 3730 personaliter
635 3653 847 3731 protestetur
859 3648 901 3711 de
912 3647 1092 3712 residendo
1103 3655 1137 3713 et
1149 3649 1371 3714 residenciam

262 3770 361 3814 suam
384 3751 540 3815 faciendo
563 3771 624 3835 pro
647 3751 704 3815 illo
726 3772 818 3816 anno
841 3753 897 3815 vel
921 3752 1021 3816 aliter
1043 3753 1087 3816 ad
1110 3752 1371 3818 distribuciones

265 3855 588 3937 (emolumentorum
606 3857 727 3939 erased)
748 3878 817 3921 non
835 3857 1050 3932 admittetur,
1070 3877 1131 3921 nec
1148 3857 1292 3922 residere
1309 3878 1371 3940 pro

264 3978 355 4023 anno
374 3958 431 4022 illo
450 3961 678 4043 reputabitur.

266 4087 318 4172 (59
338 4091 383 4171 v.)
433 4090 522 4153 Item
546 4096 720 4155 statutum
740 4097 774 4155 et
798 4090 996 4155 ordinatum
1020 4098 1072 4156 est
1104 4091 1197 4175 quod
1228 4090 1373 4175 quilibet
1396 4096 1473 4144 Eaeh
1483 4096 1578 4144 Canon

265 4189 456 4257 Canonicus
474 4194 593 4257 volens
612 4194 654 4258 de
673 4214 764 4258 nouo
783 4193 928 4258 residere
947 4195 981 4259 in
1001 4195 1167 4279 principio
1186 4195 1294 4279 prime
1313 4215 1372 4259 sue
1395 4167 1575 4291 gtffiaeycgffi]

264 4294 458 4371 residencie‚
488 4297 582 4362 facta
610 4298 862 4381 protestacione
891 4305 930 4362 vt
958 4299 1138 4382 prefertur,
1167 4299 1229 4363 xls
1259 4299 1373 4364 soluat
1387 4323 1452 4385 mon
1468 4309 1537 4385 fund
1551 4323 1587 4385 op

265 4398 400 4464 realiter
419 4401 613 4466 Camerario
631 4398 803 4466 nostro'in
824 4409 1048 4487 augmentum
1067 4424 1249 4468 commune
1268 4404 1373 4489 ipsius
1385 4376 1535 4439 beg¹¹¹¹¹¹¹¹g
1545 4376 1588 4424 ¹¹¹³

265 4503 435 4580 ecclesiae,
472 4526 534 4569 nec
569 4512 650 4570 ante
686 4526 803 4570 veram
838 4507 1048 4572 solucionem
1083 4507 1279 4572 huiusmodi
1314 4529 1374 4593 per

265 4607 375 4691 ipsam
422 4609 492 4694 (sic)
538 4611 674 4675 realiter
716 4611 846 4676 iactam
890 4611 1035 4676 residere
1077 4619 1268 4689 censeatur,
1312 4633 1374 4676 nec

266 4710 529 4779 distribuciones
547 4715 714 4799 percipiat
733 4716 988 4800 quoquomodo

1412 4443 1558 4491 residence.

336 4865 344 4889 ¹
363 4862 430 4913 This
442 4867 509 4915 note
521 4864 544 4914 is
557 4864 586 4914 in
599 4879 616 4914 a
628 4864 699 4914 later
711 4865 795 4926 hand.
