3392 5650
578 728 671 792 Acrs
695 744 740 791 or
764 725 942 792 eninm.
1254 727 1318 812 267

207 912 447 996 prenominato
492 909 608 973 literas
653 906 889 990 acquietancie
934 907 1043 971 nostri
1089 907 1238 992 Capituli
1284 914 1318 972 et

207 1035 440 1079 successorum
472 1013 624 1077 n'rorum
657 1010 865 1074 solucionem
893 1010 986 1075 illam
1015 1011 1249 1087 testificantes,
1283 1018 1318 1076 et

208 1124 387 1202 portantes
410 1118 490 1181 Dat.
514 1116 549 1179 in
571 1115 626 1179 d0.
651 1114 707 1179 Ca.
732 1114 810 1179 eccl.
836 1113 917 1179 Coll.
942 1115 984 1177 de
1007 1115 1144 1199 Ripon',
1168 1116 1315 1182 habend.

207 1229 242 1287 et
258 1221 464 1307 percipiend.
482 1221 615 1285 dictum
631 1240 785 1283 annuum
801 1219 975 1283 redditum
991 1221 1108 1284 decem
1124 1242 1317 1287 marcarum

207 1327 448 1412 sterlingorum
466 1326 501 1390 in
521 1326 631 1389 tonna
649 1324 805 1407 predicta
822 1324 922 1388 nobis
940 1325 1075 1408 prefato
1094 1326 1151 1391 Ca.
1173 1333 1207 1390 et
1226 1347 1314 1391 succ.

207 1434 289 1498 n'ris
307 1434 349 1498 de
368 1433 449 1497 dict.
471 1430 586 1495 Priore
605 1434 639 1491 et
658 1428 839 1493 Conuentu
859 1435 893 1493 et
911 1450 1000 1494 succ.
1021 1451 1046 1494 s.
1067 1430 1271 1515 imperp’m;

298 1602 443 1665 Etcum
460 1598 598 1679 insuper
614 1595 719 1678 ijdem
733 1596 786 1660 Pr.
802 1602 836 1659 et
850 1595 955 1660 Conu.
972 1597 1134 1680 peridem
1150 1599 1317 1684 scriptum
1360 1608 1415 1656 and
1428 1608 1503 1683 since

207 1726 309 1769 suum
325 1707 565 1768 concesserunt
581 1701 680 1765 nobis
696 1700 848 1783 prefatos
864 1699 920 1764 Ca.
946 1706 980 1764 et
1003 1721 1092 1765 succ.
1110 1702 1202 1778 n'ris,
1223 1702 1317 1787 quod
1331 1674 1533 1801 p1glylewq1pgs>r

208 1810 519 1894 quocienscumque
544 1806 609 1889 ipsi
635 1806 731 1869 Prior
755 1810 790 1867 et
816 1803 921 1867 Conu.
950 1825 990 1868 ac
1014 1825 1156 1870 success.
1183 1806 1235 1870 sui
1261 1806 1358 1871 de·in
1378 1809 1486 1857 derault
1502 1808 1532 1857 of

208 1914 361 1987 iecerint,
381 1918 442 1976 aut
459 1911 581 1995 aliquis
597 1930 740 1974 success.
758 1926 899 1971 suorum
915 1907 1076 1972 defecerit
1093 1908 1128 1973 in
1149 1909 1316 1985 futurum,
1342 1875 1519 1991 qqqnqepsvpf

208 2018 242 2082 in
271 2018 442 2082 solucione
470 2016 554 2080 dicti
582 2014 687 2078 annui
713 2012 870 2077 ‘redditus
897 2011 1015 2076 decern
1042 2034 1235 2079 marcarum
1262 2015 1317 2078 vel
1353 2011 1433 2059 when
1447 2009 1509 2067 ‘¹¹¹0‘

208 2123 351 2187 alicuius
379 2120 524 2205 parcelle
554 2119 706 2184 eiusdem
735 2116 780 2182 ad
810 2115 950 2200 aliquod
980 2117 1107 2182 festum
1136 2119 1318 2184 solucionis

207 2227 287 2292 inde
316 2226 471 2310 superius
501 2224 700 2298 limitatum,
730 2221 861 2286 tociens
888 2221 969 2286 dict.
1000 2223 1053 2287 Pr.
1083 2230 1118 2287 et
1148 2223 1253 2288 Conv.
1284 2230 1318 2288 et

206 2350 414 2395 successores
430 2330 482 2394 sui
502 2328 637 2393 soluent
658 2327 758 2391 nobis
781 2325 904 2409 prefat.
929 2326 986 2391 Ca.
1008 2334 1043 2406 et
1062 2348 1151 2393 succ.
1173 2329 1254 2393 n'ris
1274 2330 1319 2393 ad

206 2436 314 2500 altare
338 2435 532 2519 predictum
555 2432 787 2517 quadraginta
810 2431 938 2495 solidos
962 2434 1101 2497 nomine
1127 2454 1224 2517 pene,
1250 2455 1320 2499 vna

206 2561 285 2605 cum
316 2538 495 2623 arreragiis
526 2537 610 2601 dicti
641 2536 746 2601 annui
778 2536 933 2601 redditus
964 2537 1082 2602 decem
1113 2558 1317 2615 marcarum,

206 2646 251 2709 ad
289 2665 395 2728 quarn
434 2642 574 2726 quidem
613 2642 822 2706 solucionem
861 2641 1092 2726 quadraginta
1130 2643 1320 2708 solidorum

206 2749 368 2834 quociens
385 2748 466 2811 dict.
486 2747 540 2811 Pr.
559 2753 594 2810 et
614 2747 720 2811 Conu.
741 2766 801 2809 seu
820 2765 1030 2810 successores
1049 2747 1101 2811 sui
1121 2747 1318 2825 defecerint,

206 2861 267 2919 aut
286 2854 409 2937 aliquis
427 2872 570 2917 success.
590 2873 730 2916 suorum
749 2850 911 2914 defecerit
929 2851 964 2915 in
982 2852 1155 2916 solucione
1173 2853 1320 2936 predicti

205 2959 360 3024 redditus
385 2959 503 3021 decem
528 2977 722 3021 marcarum
743 2954 798 3020 vel
820 2955 963 3019 alicuius
985 2956 1130 3040 parcelle
1155 2957 1318 3033 eiusdem,

205 3065 250 3129 ad
269 3063 409 3148 aliquod
430 3063 557 3127 testum
576 3061 759 3127 solucionis
778 3063 858 3127 inde
879 3064 1169 3146 prenominatum,
1191 3065 1318 3150 obliga-

204 3175 285 3234 runt
317 3169 409 3252 ipsos
441 3167 592 3232 Priorem
620 3173 655 3230 et
687 3166 905 3231 Conuentum
933 3173 968 3231 et
995 3188 1084 3232 succ.
1110 3190 1135 3234 S.
1161 3169 1196 3234 in
1224 3170 1318 3234 dicta

203 3273 435 3358 quadraginta
469 3271 657 3336 solidorum
691 3291 752 3356 per
786 3271 981 3355 predictum
1013 3273 1180 3362 scriptum
1215 3296 1316 3340 suum

204 3377 304 3441 nobis
323 3376 458 3461 prefato
478 3375 639 3459 Capitulo
658 3382 693 3439 et
712 3397 855 3441 success,
878 3378 959 3441 n'ris
979 3378 1153 3444 soluenda.

295 3557 343 3620 Et
357 3575 439 3620 cum
451 3555 589 3638 insuper
603 3554 708 3638 ijdem
724 3557 777 3622 Pr.
796 3563 830 3621 et
845 3557 951 3623 Conu.
970 3580 1030 3642 per
1043 3559 1134 3624 idem
1150 3562 1316 3644 scriptum
1347 3577 1403 3625 anu
1416 3578 1445 3626 of
1458 3579 1512 3626 five

1377 3644 1530 3693 rksincase

1377 3726 1520 3760 CXCUSCaS

203 3763 260 3828 Ca.
291 3770 325 3827 et
352 3784 441 3827 succ.
470 3785 503 3827 n.
532 3763 626 3846 quod
653 3764 681 3827 si
708 3765 772 3848 ipsi
800 3766 854 3830 Pr.
884 3773 919 3830 et
947 3768 1052 3833 Conu.
1081 3790 1141 3834 seu
1168 3791 1257 3835 succ.
1286 3792 1312 3836 s.
1381 3778 1479 3835 above,

202 3867 438 3952 allegauerint,
464 3887 523 3930 seu
547 3867 670 3950 aliquis
693 3870 830 3933 nomine
855 3891 916 3934 suo
941 3873 1148 3957 allegauerit,
1174 3875 1314 3959 aliquod
1382 3860 1408 3907 p.
1424 3847 1483 3905 ²⁶4

201 3974 370 4057 scriptum
390 3972 523 4036 iactum
543 3972 598 4035 vel
617 3972 891 4056 acquietanciam
910 3977 1092 4042 solucionis
1109 3979 1192 4043 dicti
1209 3981 1314 4045 annui

202 4078 359 4142 redditus
382 4077 500 4141 decem
524 4097 717 4140 marcarum
738 4077 793 4140 vel
817 4078 959 4143 alicuius
983 4081 1127 4164 parcelle
1151 4083 1313 4159 eiusdem,

203 4182 238 4245 in
264 4179 546 4244 exoneracionem
571 4179 753 4244 solucionis
778 4180 862 4246 dicti
888 4184 992 4248 annui
1018 4185 1173 4250 redditus
1197 4188 1315 4252 decem

203 4304 397 4350 marcarum
419 4304 479 4347 seu
501 4283 583 4347 dict.
607 4283 839 4369 quadraginta
861 4288 1048 4352 solidorum
1069 4291 1207 4355 nomine
1229 4313 1315 4376 pene
1374 4298 1377 4301 ’

195 4411 265 4474 ιρῐο
285 4389 423 4454 defectu
442 4387 624 4453 solucionis
644 4387 728 4452 dicti
749 4390 855 4454 annui
875 4391 1028 4456 redditus
1048 4393 1165 4458 decem
1185 4416 1314 4461 marca-

203 4516 279 4559 rum
319 4494 374 4558 vel
413 4493 555 4557 alicuius
591 4493 736 4576 parcelle
771 4494 928 4558 eiusdem
962 4516 1209 4574 concessarum,
1250 4500 1315 4564 nisi

203 4598 448 4664 tantummodo
484 4597 758 4682 acquietanciam
793 4605 855 4662 aut
889 4599 1056 4684 scriptum
1091 4603 1315 4668 relaxacionis

203 4705 313 4769 nostri
327 4703 477 4788 Capituli
492 4708 634 4786 portans
648 4703 729 4768 Dat.
745 4703 780 4767 in
795 4702 849 4767 do,
866 4702 923 4768 Ca.
939 4704 1017 4770 eccl.
1034 4705 1115 4770 Coll.
1132 4706 1174 4771 de
1189 4707 1313 4792 Ripon’

203 4809 348 4895 predict.
381 4815 415 4873 et
446 4807 580 4872 liberat.
608 4807 643 4872 in
677 4808 797 4873 eadem
828 4809 932 4873 domo
963 4809 1032 4886 Ca,
1061 4811 1133 4877 siue
1163 4812 1315 4898 aliquam

204 3680 305 3724 suum
324 3680 385 3743 pro
404 3679 439 3721 se
457 3665 492 3722 et
510 3679 599 3723 succ.
620 3680 645 3724 s.
666 3663 895 3727 concesserint
913 3663 1094 3747 imperp'm
1112 3666 1211 3729 nobis
1229 3667 1312 3751 pref.
1330 3657 1376 3759 Ἓξ
