3392 5650
367 728 430 792 106
653 731 731 794 an
758 731 914 796 [norror
938 730 1185 795 blanoscum.

363 907 571 992 Vbicumque
587 915 621 973 et
638 909 672 973 in
687 929 985 994 quommcumque
1000 909 1161 974 manibus
1177 909 1304 973 fuerint
1320 909 1474 984 inuenta,

363 1011 456 1094 Joh‘i
475 1012 530 1076 del
550 1013 652 1096 Hyde
670 1014 713 1077 de
732 1014 882 1097 Rypon’,
896 1034 966 1078 vna
978 1034 1057 1078 cum
1075 1013 1223 1077 debitis¹
1244 1020 1279 1077 et
1297 1013 1472 1078 debendis.

364 1116 404 1179 ln
420 1137 448 1180 c.
466 1137 491 1180 r.
510 1123 534 1181 t.
552 1118 769 1201 presentibus
783 1118 843 1202 sig.
861 1139 906 1182 m.
924 1118 1079 1202 apposui.
1128 1118 1208 1182 Dat.
1226 1118 1320 1202 apud
1337 1118 1474 1202 Rypon'

362 1220 417 1284 die
440 1220 612 1286 dominica
636 1243 732 1305 prox.
758 1230 837 1307 post
862 1223 989 1286 festum
1013 1223 1106 1286 beati
1131 1222 1224 1286 Petri
1248 1222 1293 1287 ad
1317 1223 1472 1287 Vincula.

362 1325 464 1389 Anno
483 1326 563 1390 D’ni
583 1327 726 1391 Mill'mo
744 1343 843 1391 cccmo
861 1327 1114 1411 septuagesimo
1133 1332 1268 1393 octauo,

560 1505 648 1589 (169)
676 1506 862 1572 Pnossacro
886 1523 1114 1572 rrsranrnrr
1140 1524 1366 1572 soeuaorcrr.

454 1648 493 1712 ln
511 1648 566 1711 dei
585 1649 733 1723 nomine,
753 1648 874 1712 Amen.
923 1648 1009 1712 Cum
1028 1649 1146 1730 Joh’es
1169 1648 1224 1712 del
1249 1650 1362 1732 Hyde,
1382 1671 1473 1714 exec.

364 1753 564 1817 testamenti
608 1773 668 1818 seu
712 1752 833 1817 vltime
876 1754 1069 1816 voluntatis
1114 1753 1233 1838 Mag’ri
1278 1754 1390 1836 Joh'is
1433 1754 1476 1818 de

364 1856 535 1932 Crakhall,
553 1857 714 1921 Canonici
731 1856 810 1921 eccl.
825 1856 907 1921 Coll.
927 1857 1064 1940 Rypon’
1082 1857 1248 1932 defuncti,
1264 1858 1319 1922 cui
1335 1858 1476 1943 quidem

363 1960 457 2025 dicto
478 1962 572 2044 Joh'i
593 1961 648 2025 del
671 1961 773 2044 Hyde
793 1961 908 2026 dictus
929 1961 1091 2045 Magister
1112 1962 1230 2044 Joh’es
1251 1961 1294 2026 de
1315 1962 1476 2027 Crakhall

363 2066 479 2129 omnia
501 2066 592 2130 bonu
615 2072 649 2129 et
671 2065 797 2129 catalla
818 2086 882 2131 sua
906 2086 967 2149 per
989 2066 1156 2149 scriptum
1178 2065 1257 2130 inde
1278 2067 1476 2132 confectum

363 2169 509 2234 donauit
548 2171 613 2234 sub
644 2169 843 2234 condicione
871 2170 1011 2244 verbali,
1037 2170 1196 2234 videlicet
1227 2170 1321 2255 quod
1352 2192 1476 2255 corpus

362 2295 464 2339 suum
479 2275 612 2358 sepeliri
628 2273 755 2338 faceret
771 2281 810 2338 vt
827 2275 1007 2349 incumbit,
1024 2295 1064 2338 ac
1080 2275 1189 2339 eciam
1204 2275 1299 2359 quod
1314 2276 1476 2341 vniuersa

361 2379 481 2442 debita
506 2399 568 2442 sua
594 2378 801 2462 persolueret
827 2378 1017 2443 secundum
1042 2379 1279 2463 quantitatem
1305 2380 1476 2445 bonorum

361 2503 502 2547 suorum
533 2483 766 2566 predictorum
798 2489 832 2546 et
864 2481 1053 2547 secundum
1083 2483 1179 2567 quod
1210 2483 1285 2567 ipsa
1316 2484 1409 2548 bona
1440 2491 1475 2548 et

361 2587 488 2651 catalla
518 2587 670 2653 sufficere
701 2593 876 2671 potemnt,
909 2586 1105 2652 huiusmodi
1137 2593 1387 2652 testamentum
1414 2608 1475 2654 seu

361 2692 522 2757 vltimam
554 2690 773 2756 voluntatem
805 2712 921 2755 coram
953 2692 1052 2755 nobis
1085 2690 1245 2775 Capitulo
1277 2692 1356 2758 eccl.
1391 2692 1473 2757 Coll.

361 2795 514 2881 predicte
542 2817 603 2881 per
631 2803 737 2861 testes
765 2795 955 2881 fidedignos
983 2796 1133 2881 legitime
1162 2796 1324 2880 probauit
1353 2803 1394 2862 vt
1409 2804 1475 2863 sest

362 2903 476 2977 moris,
503 2901 574 2965 Nos
598 2901 797 2985 Capitulum
822 2900 1028 2984 predictum,
1054 2900 1212 2965 admissis
1235 2922 1352 2966 coram
1376 2903 1477 2966 nobis

361 3007 628 3091 probacionibus
660 3027 762 3090 super
795 3006 947 3070 faccione
980 3006 1147 3089 presentis
1181 3007 1383 3071 testamenti
1415 3027 1477 3072 seu

362 3112 483 3176 vltime
526 3111 718 3175 voluntatis
760 3109 917 3194 predicti,
962 3110 1074 3193 ipsum
1117 3115 1368 3175 testamentum
1410 3111 1477 3176 rite

363 3217 496 3281 tactum
531 3222 566 3280 et
601 3216 788 3299 probatum
823 3215 1101 3298 pronunciamus
1138 3214 1477 3280 administracionem

363 3320 518 3384 omnium
540 3320 709 3384 bonomm
731 3326 765 3382 et
787 3319 991 3383 catallorum
1012 3319 1246 3402 predictorum
1267 3319 1357 3384 inira
1377 3319 1477 3404 juris-

364 3426 552 3489 diccionem
578 3429 733 3488 nostram
759 3423 985 3488 existencium
1010 3423 1146 3507 prefato
1172 3423 1266 3506 Joh’i
1291 3424 1347 3489 del
1373 3424 1477 3508 Hyde

364 3530 399 3594 in
420 3530 530 3594 forma
549 3529 675 3593 statuti
695 3549 797 3612 super
816 3529 881 3592 hoc
901 3527 984 3592 editi
1004 3527 1239 3592 concedentes.
1288 3529 1329 3593 In
1349 3550 1377 3594 c.
1399 3549 1425 3593 r.
1447 3535 1472 3593 t.

363 3635 424 3718 sig.
447 3655 479 3698 n.
502 3634 718 3717 presentibus
745 3639 796 3696 est
822 3653 1023 3716 appensum.
1072 3632 1152 3696 Dat.
1176 3632 1210 3697 in
1231 3633 1335 3698 domo
1356 3639 1475 3698 nostra

364 3739 564 3823 Capitulari,
600 3759 622 3801 x
658 3737 712 3802 die
747 3737 853 3801 Mens,
889 3737 1046 3821 Augusti,
1082 3737 1183 3800 Anno
1217 3737 1298 3801 D'ni
1333 3737 1476 3803 Mill’mo

363 3857 463 3908 ccc¹¹¹0
479 3843 600 3908 lxxixo.

368 4012 456 4093 (170)
490 4009 601 4074 coen
631 4023 858 4072 rrsrnnsnrr
891 4006 1038 4072 Goorra
1070 4024 1220 4072 Rrrrcrs
1252 4009 1373 4091 Jou'rs
1405 4027 1475 4074 our

410 4115 516 4178 Hrrr
540 4131 588 4177 or
612 4113 898 4178 coenonema.

455 4257 495 4320 In
530 4256 594 4320 Dei
628 4255 777 4329 nomine,
813 4254 934 4328 Amen,
970 4254 1025 4316 die
1058 4253 1231 4317 dominica
1264 4276 1360 4338 prox.
1397 4263 1476 4339 post

366 4361 493 4426 festum
530 4360 746 4425 Inuencionis
783 4359 857 4423 S‘ce
892 4358 1007 4422 Crucis
1043 4358 1144 4421 Anno
1180 4358 1261 4422 D'ni
1298 4360 1477 4425 Millesimo

365 4480 464 4530 cccffl⁰
484 4465 736 4549 septuagesimo
760 4484 862 4537 nono
886 4461 1018 4526 Gudith
1043 4463 1161 4525 relicta
1183 4463 1294 4545 Joh'is
1315 4464 1370 4527 del
1393 4465 1475 4548 Hyll

365 4570 520 4634 condidit
536 4577 785 4633 testamentum
800 4588 901 4632 suum
915 4567 1151 4650 nuncupatiue
1166 4568 1200 4630 in
1216 4568 1306 4632 hunc
1321 4568 1474 4633 modum.
1498 4582 1501 4587 ’

366 4676 406 4739 ln
424 4676 542 4759 primis
558 4674 655 4739 dedit
671 4679 706 4736 et
723 4672 852 4757 legauit
869 4671 1022 4735 animam
1038 4691 1137 4736 suam
1154 4670 1228 4735 Deo
1245 4673 1475 4756 omnipotenti

435 4833 441 4855 ¹
462 4829 512 4876 See
525 4843 543 4877 a
555 4827 673 4890 bequest
686 4825 714 4874 in
728 4825 777 4874 the
790 4825 845 4873 will
857 4824 886 4872 ot
899 4840 916 4872 a
929 4823 1043 4872 brother
1056 4838 1146 4872 canon
1160 4823 1188 4872 in
1205 4837 1280 4886 1371,
1294 4840 1322 4889 p.
1340 4839 1397 4875 101.
