3392 5650
192 1582 385 1647 1472,Mar.31.

194 4550 262 4600 1472,
277 4535 351 4600 April
363 4536 387 4583 8.

400 680 421 743 4
675 660 758 723 Tar.
785 661 939 724 tumtur
966 660 1226 724 Manrscmrr.

401 834 548 899 b'torum
570 834 659 899 Petri
678 848 711 899 et
729 834 884 899 Wilfridi
905 835 1047 919 Ripon',
1067 836 1213 899 salutem
1234 835 1266 897 in
1284 836 1506 919 amplexibus
1531 824 1536 832 ’

400 935 595 998 saluatoris.
673 935 849 999 Noueritis
883 956 946 998 nos
979 936 1094 998 literas
1127 934 1335 999 venerabilis
1373 948 1406 998 et
1443 935 1507 999 cir·

400 1036 588 1118 cumspecti
627 1035 689 1097 viri
725 1035 882 1116 magistri
914 1034 1024 1119 Jolt'is
1056 1036 1237 1106 Sutlrwell,
1273 1033 1507 1119 Canonici··et

400 1133 582 1199 confratris
615 1135 721 1198 nostri
759 1134 1009 1218 Residenciarij
1044 1134 1077 1196 in
1110 1134 1255 1198 ecclesia
1288 1134 1439 1217 predicta
1466 1155 1507 1198 ac

401 1234 605 1317 thesaurarij
638 1234 792 1298 eiusdem
823 1234 968 1298 ecclesie
993 1234 1110 1315 Sigilli
1136 1234 1188 1296 sui
1217 1234 1445 1316 impressione
1470 1234 1504 1296 in

401 1355 478 1398 cera
518 1333 615 1397 rubia
655 1333 827 1415 pendente
866 1334 1052 1415 sigillatas,
1090 1334 1269 1416 recepisse,
1307 1332 1436 1397 vidisse
1473 1346 1507 1397 et

402 1433 587 1516 diligenter
604 1434 808 1516 inspexisse,
825 1454 971 1515 quarum
991 1449 1090 1497 tenor
1108 1454 1167 1515 per
1188 1433 1307 1496 omnia
1324 1434 1403 1496 talis
1419 1447 1480 1496 est.

489 1583 758 1648 Venerabilibus
804 1596 837 1647 et
879 1582 1036 1646 discretis
1076 1582 1159 1645 viris
1197 1604 1237 1646 ac
1275 1582 1507 1646 confratribus

401 1681 601 1766 Capitulum
619 1683 762 1747 ecclesie
780 1682 974 1763 Collegiate
991 1685 1169 1745 beatorum
1191 1681 1280 1745 Petri
1300 1694 1332 1745 et
1350 1680 1397 1744 W
1403 1680 1505 1746 illridi

403 1782 533 1866 Ripon'
550 1782 756 1846 facientibus
781 1784 833 1846 vel
859 1802 978 1845 eorum
1001 1782 1034 1844 in
1056 1782 1219 1846 absencia
1241 1781 1503 1856 Commissario,

402 1883 449 1946 M.
498 1882 677 1966 Johannes
724 1882 906 1954 Sutbwell,
953 1882 1203 1963 prebendarius
1251 1882 1424 1963 prebende
1464 1881 1506 1945 de

402 1982 571 2046 Monkton
605 1996 638 2045 et
663 1980 865 2045 Canonicus
896 1981 1180 2045 Residenciarius
1204 2002 1244 2044 ac
1268 1981 1506 2044 thesaurarius

400 2081 433 2144 in
458 2080 577 2145 eadem
603 2081 759 2158 ecclesia,
782 2081 1020 2144 omnimodam
1050 2080 1314 2154 Reuerenciam,
1342 2079 1507 2144 obedien-

399 2181 487 2245 ciam
512 2181 676 2255 debitam,
701 2201 779 2245 cum
807 2181 949 2244 bonore.
1001 2179 1196 2244 Attendens
1223 2195 1256 2244 et
1279 2179 1506 2243 considerans

400 2293 499 2364 grata
541 2294 574 2343 et
620 2280 809 2343 laudabilia
847 2279 1018 2362 obsequia
1056 2300 1124 2362 que
1163 2280 1309 2344 dilectus
1350 2280 1382 2341 in
1425 2279 1507 2361 Xpo

402 2378 582 2463 Xpoforus
632 2379 801 2452 Kendale,
853 2380 1075 2463 Capellanus,
1128 2380 1229 2454 nobis
1279 2392 1311 2443 et
1365 2378 1509 2443 ecclesie

403 2478 597 2562 Collegiate
630 2495 745 2543 nostre
774 2479 924 2562 predicte
949 2492 1029 2542 ante
1058 2480 1120 2542 lrec
1149 2491 1305 2561 tempora
1332 2492 1509 2562 gratanter

403 2592 529 2643 etcum
548 2600 611 2642 sua
628 2579 787 2662 diligenti
807 2579 977 2642 industria
993 2579 1162 2652 exhibuit,
1182 2599 1397 2660 speransque
1413 2577 1507 2660 quod

405 2678 493 2743 idem
514 2679 637 2761 ipsein
658 2679 833 2742 nostriset
856 2678 945 2742 dicte
966 2679 1109 2742 ecclesie
1135 2693 1250 2741 nostre
1274 2677 1422 2759 agendis
1446 2699 1508 2741 sue

402 2778 602 2844 affeccionis
644 2778 868 2862 diligenciam
912 2791 945 2843 et
988 2778 1191 2842 industriam
1232 2791 1389 2842 accurate
1427 2798 1509 2842 con-

404 2879 553 2943 tinuabit
576 2880 784 2943 successiuis
807 2880 943 2943 actibus
968 2879 1001 2941 in
1027 2878 1192 2941 futurum.
1244 2879 1377 2941 Volens
1402 2878 1509 2961 igitur

405 2979 518 3061 ipsum
539 3000 680 3042 munere
702 2979 863 3061 prosequi
882 2979 1040 3062 graciose
1057 2978 1157 3042 vobis
1179 2991 1338 3060 presento
1358 2977 1505 3041 eundem

404 3078 497 3143 d'nm
534 3078 730 3161 Xpoforum
770 3079 930 3142 Kendale
968 3078 1010 3141 ad
1043 3078 1194 3142 officium
1227 3077 1507 3141 subthesaurarie
1547 3089 1552 3097 '

404 3179 485 3243 eccl.
517 3181 595 3243 coll.
625 3178 785 3260 predicte,
818 3199 878 3260 per
907 3190 1050 3241 mortem
1075 3177 1144 3241 d'ni
1169 3177 1279 3262 Joh'is
1307 3177 1506 3261 Frankysslr

405 3278 515 3341 vltimi
550 3278 761 3360 possessoris
792 3278 947 3341 eiusdem
977 3277 1080 3340 officii
1109 3299 1238 3341 vacans
1265 3290 1297 3341 et
1322 3277 1364 3339 ad
1395 3297 1505 3339 meam

404 3378 630 3442 collacionem
665 3379 768 3460 pleno
803 3378 876 3441 iure
911 3389 1082 3460 spectans,
1119 3377 1266 3440 habend.
1303 3390 1336 3440 et
1367 3376 1504 3439 tenend.

405 3478 515 3543 eidem
535 3476 694 3560 Xpoloro
710 3477 862 3540 officium
879 3476 1067 3560 predictum
1085 3497 1144 3560 per
1158 3497 1195 3540 se
1209 3478 1261 3539 vel
1280 3475 1505 3540 sufficientem

405 3599 506 3642 suum
536 3577 737 3659 deputatum
771 3576 1026 3660 occupandum,
1060 3576 1227 3658 quamdiu
1261 3576 1393 3646 vixerit,
1429 3596 1506 3638 cum

405 3678 570 3741 omnibus
616 3677 690 3739 suis
735 3675 857 3749 feodis,
902 3675 1220 3747 commoditatibus,
1266 3688 1299 3739 et
1345 3673 1508 3757 proficuis

406 3777 578 3841 vniuersis
606 3776 648 3839 ad
673 3776 802 3841 dictum
828 3775 979 3839 officium
1010 3776 1273 3858 pertinentibus,
1305 3775 1508 3858 supplicans
1561 3789 1565 3798 ·

407 3877 583 3940 humiliter
616 3896 656 3939 ac
694 3876 818 3939 deuote
857 3876 1022 3958 quatinus
1054 3875 1201 3939 eundem
1235 3874 1431 3957 Xpolorum
1464 3875 1506 3938 ad

405 3977 534 4041 dictum
552 3975 702 4039 officium
721 3978 788 4039 sub
808 3975 872 4039 bac
896 3974 1007 4038 forma
1032 3975 1134 4057 recipi
1161 3974 1293 4037 faciatis
1316 3989 1349 4038 et
1372 3974 1505 4037 admitti

404 4076 595 4141 secundum
636 4075 782 4139 formam
822 4075 1058 4138 ordinacionis
1092 4074 1194 4158 officij
1227 4074 1400 4137 antedicti.
1467 4075 1505 4137 ln

404 4177 503 4242 cuius
547 4177 591 4241 rei
640 4175 876 4240 testimonium
923 4175 1140 4257 presentibus
1186 4175 1342 4257 sigillum
1392 4195 1505 4237 meum

403 4277 564 4361 apposui.
626 4277 704 4339 Dat.
736 4276 858 4338 ultimo
889 4275 944 4339 die
976 4275 1106 4338 mensis
1140 4273 1273 4358 Marcij,
1303 4296 1397 4337 anno
1426 4274 1505 4337 1)ἠὶ

407 4377 555 4441 Mill'mo
571 4375 920 4459 quadringentesimo
937 4375 1199 4458 septuagesimo
1216 4375 1381 4438 secundo.

494 4527 567 4590 Nos
599 4526 714 4607 itaque
743 4523 943 4607 Capitulum
978 4523 1167 4606 predictum
1198 4523 1368 4606 predictas
1393 4525 1508 4588 literas

405 4627 633 4709 inspeximus,
667 4646 708 4688 ac
746 4624 864 4687 omnia
895 4638 928 4687 et
959 4624 1101 4704 singula
1133 4624 1166 4685 in
1205 4623 1290 4705 ipsis
1321 4625 1502 4693 contentis,

405 4728 522 4791 habita
552 4725 738 4810 superinde
769 4725 1023 4788 deliberacione
1054 4723 1213 4806 diligenti
1247 4724 1506 4800 intelleximus;
