3392 5650
618 710 712 776 Acrs
736 730 781 778 or
804 714 983 778 cuipam.
1293 721 1357 791 213

246 889 350 953 choro
369 889 506 954 ecclesie
524 897 640 955 nostre
656 891 833 977 collegiate
849 892 1012 977 predicte,
1030 892 1149 956 volens
1165 897 1199 955 et
1216 891 1356 975 cupiens

247 1014 288 1055 ex
319 994 420 1057 certis
450 995 561 1059 causis
593 995 690 1059 iustis
721 1002 756 1059 et
786 996 947 1081 legitimis
977 997 1090 1080 ipsum
1121 997 1155 1060 in
1187 1017 1227 1060 ea
1257 1002 1355 1079 parte

247 1098 467 1163 mouentibus
504 1101 548 1163 ab
585 1120 685 1164 onere
721 1106 755 1164 et
792 1121 874 1165 cura
907 1101 1012 1184 ipsius
1047 1100 1173 1165 vicarie
1205 1100 1284 1164 exui
1320 1106 1354 1164 et

246 1204 433 1279 exonerari,
472 1204 616 1268 eandem
653 1205 818 1269 vicariam
855 1205 889 1269 in
927 1226 1050 1269 manus
1086 1193 1222 1269 nostras
1258 1225 1352 1287 pure,

246 1314 379 1391 sponte,
428 1308 637 1392 simpliciter,
687 1315 721 1373 et
771 1310 927 1373 absolute
976 1309 1171 1394 resignauit.
1241 1309 1353 1392 Quam

245 1410 385 1495 quidem
415 1412 681 1497 resignacionem
711 1413 759 1477 sic
789 1414 919 1478 factam
950 1414 1149 1478 dimisimus.
1198 1414 1247 1477 Et
1274 1414 1353 1477 sub·

245 1522 427 1599 sequenter
437 1517 601 1581 dilectum
612 1518 710 1582 nobis
721 1518 755 1581 in
767 1540 836 1602 xpo
847 1518 942 1583 d’nm
954 1519 1137 1603 Hugonem
1149 1518 1351 1601 Pyamoure,

246 1621 483 1703 presbiterum,
512 1622 556 1685 ad
583 1617 713 1686 dictam
740 1623 904 1687 vicariam
932 1644 992 1707 per
1017 1622 1247 1687 venerabilem
1274 1644 1352 1687 con·
1387 1621 1390 1628 ⁴

248 1725 389 1789 fratrem
415 1731 572 1790 nostrum
598 1726 694 1790 d'nm
721 1726 858 1791 Nich'm
885 1728 1009 1791 Holme
1035 1727 1245 1791 Canonicum
1272 1727 1350 1791 eccl.

245 1835 360 1893 nostre
388 1830 470 1895 Coll.
499 1836 615 1894 nostre
642 1830 794 1914 predicte
822 1852 862 1895 ac
890 1831 1153 1915 prebendarium
1181 1830 1352 1914 prebende

245 1933 287 1996 de
312 1934 488 1998 Sharrowe
513 1935 547 1998 in
572 1935 702 2010 eadem,
721 1935 873 1999 eiusdem
889 1935 1014 1999 vicarie
1039 1942 1235 2019 patronum,
1253 1935 1352 1999 nobis

245 2044 482 2121 presentatum
507 2039 708 2119 admisimus
733 2040 777 2104 ad
802 2040 957 2115 eandem,
985 2040 1165 2123 ipsumque
1190 2038 1353 2103 canonice

244 2142 457 2207 instituimus
479 2144 513 2207 in
535 2128 655 2208 eadem
676 2150 710 2207 et
732 2144 847 2208 induci
869 2144 1011 2209 fecimus
1032 2165 1110 2208 cum
1131 2144 1200 2209 suis
1221 2144 1351 2208 iuribus

244 2253 278 2311 et
299 2247 520 2331 pertineneijs
540 2248 716 2313 vniuersis.
766 2250 812 2312 Et
833 2249 955 2333 depost
976 2249 1130 2332 prelatus
1151 2247 1227 2312 d’ns
1249 2249 1351 2332 Hugo

244 2351 278 2415 in
300 2352 400 2435 plena
422 2352 632 2435 possessione
654 2352 744 2416 dicte
765 2353 891 2417 vicarie
912 2353 1044 2416 notorie
1065 2352 1286 2428 constitutus
1309 2352 1351 2417 de

243 2477 410 2520 consensu
442 2463 476 2519 et
509 2478 649 2520 assensu
681 2458 848 2540 expressis
881 2457 951 2520 d’ni
985 2456 1096 2520 Nich'i
1129 2457 1266 2540 patroni
1298 2458 1350 2521 sui

243 2560 398 2645 predicti,
424 2567 526 2644 prout
551 2561 649 2625 nobis
673 2562 761 2625 clare
785 2562 979 2635 constabat,
1005 2582 1040 2624 se
1064 2561 1228 2625 vicariam
1252 2582 1350 2626 suam

242 2665 433 2749 predictam
466 2686 505 2729 ac
537 2665 679 2741 tructus,
713 2665 878 2740 redditus
912 2671 946 2729 et
978 2672 1167 2748 prouentus
1198 2666 1349 2730 eiusdem

242 2790 360 2834 omnes
396 2775 430 2834 et
467 2769 617 2855 singulos
653 2770 778 2834 nostris
814 2769 1025 2834 ordinacioni
1061 2769 1278 2853 disposicioni
1315 2775 1349 2834 et

242 2874 379 2938 decreto
405 2895 499 2959 pure,
526 2881 659 2958 sponte,
687 2875 896 2958 simpliciter,
924 2880 959 2937 et
985 2870 1141 2937 absolute
1166 2875 1348 2950 submisit;

241 2999 371 3062 nosque
413 2979 674 3043 submissionem
717 2977 913 3043 huiusmodi
955 2983 1184 3061 acceptantes,
1228 2984 1262 3042 et
1305 2980 1350 3042 ad

241 3089 374 3147 statum
392 3083 475 3147 dicti
493 3083 565 3147 d’ni
584 3083 713 3158 Rob’ti,
733 3083 793 3168 qui
811 3083 845 3146 in
864 3083 985 3146 diebus
1002 3082 1071 3146 suis
1089 3103 1158 3146 non
1176 3082 1350 3147 modicum

241 3187 415 3272 processit,
429 3187 629 3271 nullumque
642 3188 711 3251 iam
724 3187 858 3251 obtinet
870 3187 1072 3251 beneficium
1084 3187 1350 3253 ecclesiasticum

241 3312 301 3356 seu
326 3291 574 3376 patrimonium
600 3291 691 3355 vnde
717 3292 759 3355 de
786 3297 900 3355 cetero
934 3291 1049 3355 viuere
1075 3290 1131 3354 vel
1157 3291 1350 3356 alimentari

241 3396 367 3471 valeat,
399 3396 536 3460 oculum
566 3396 783 3461 reuoluentes
812 3417 855 3459 ne
885 3396 976 3459 idem
1006 3395 1082 3459 d'ns
1113 3395 1285 3460 Robertus
1315 3396 1350 3460 in

241 3501 464 3584 obprobrium
502 3501 630 3565 ordinis
668 3501 831 3564 clericalis
869 3501 975 3564 nimia
1012 3506 1217 3584 paupertate
1255 3521 1350 3585 egere

241 3611 406 3690 cogatur;
447 3605 733 3689 Comparentibus
776 3625 892 3669 coram
935 3605 1034 3669 nobis
1077 3605 1218 3688 prefatis
1262 3604 1350 3669 d'nis

242 3711 388 3794 Hugone
411 3715 445 3773 et
469 3709 633 3786 Roberto,
657 3710 858 3794 vocatisque
881 3710 915 3773 in
938 3729 978 3773 ea
999 3715 1097 3793 parte
1119 3710 1283 3773 vocandis
1306 3709 1350 3774 ad

241 3813 496 3878 ordinacionem
524 3820 615 3878 certe
643 3813 812 3897 porcionis
840 3814 883 3877 de
911 3813 1079 3877 fructibus
1108 3813 1198 3877 dicte
1225 3813 1351 3877 vicarie

241 3919 376 4003 pretato
411 3918 493 3982 d'no
530 3918 682 3982 Roberto
717 3917 833 4000 quoad
862 3917 987 3994 uixerit
1014 3917 1249 3981 ministrandis
1276 3938 1351 4002 pro-

242 4023 404 4087 cessimus
436 4028 470 4086 et
502 4022 718 4105 procedimus
750 4022 784 4085 in
816 4022 907 4085 hunc
938 4021 1091 4096 modum,
1125 4021 1184 4104 xpi
1215 4022 1353 4086 nomine

242 4127 414 4203 inuocato,
441 4125 512 4190 Nos
539 4126 731 4210 capitulum
762 4126 966 4209 predictum,
996 4146 1038 4188 ex
1066 4125 1177 4190 causis
1204 4147 1265 4209 per
1291 4147 1353 4190 nos

242 4229 399 4316 superius
431 4231 623 4305 declaratis,
658 4237 692 4293 et
726 4229 802 4313 alijs
835 4229 995 4314 legitimis
1027 4250 1089 4292 nos
1121 4231 1352 4306 mouentibus

243 4335 442 4400 ordinamus
470 4340 505 4398 et
534 4335 747 4399 decernimus
775 4340 809 4398 et
838 4334 1051 4398 declaramus
1078 4334 1172 4418 quod
1200 4335 1354 4418 prefatus

245 4441 322 4505 d'ns
346 4440 495 4504 Rob’tus
518 4460 670 4504 annuam
693 4439 892 4523 pensionem
915 4438 1146 4523 quadraginta
1168 4438 1355 4504 solidorum

244 4545 287 4609 de
312 4544 406 4608 dieta
430 4544 560 4607 vicaria
585 4565 624 4607 ac
650 4543 828 4618 fructibus,
856 4542 1046 4606 redditibus
1071 4549 1106 4606 et
1131 4544 1356 4626 prouentibus

245 4648 397 4713 eiusdem
431 4648 597 4732 percipiat
632 4654 667 4711 et
701 4648 828 4711 habeat
863 4647 907 4711 ad
941 4652 1054 4711 totam
1088 4647 1198 4711 vitam
1233 4668 1354 4723 suam;

246 4753 417 4820 Soluendo
438 4752 502 4816 sibi
525 4758 586 4817 aut
608 4773 670 4816 suo
692 4751 906 4836 procuratori
928 4751 982 4815 vel
1004 4757 1098 4816 certo
1121 4757 1299 4816 attornato
1321 4753 1356 4817 in
