3392 5650
651 717 744 781 Acrs
768 735 813 780 or
837 716 1016 781 Cunerum
1326 730 1388 796 235

282 898 484 963 Residencia
502 896 704 961 canonicali1
724 896 758 959 in
777 896 897 960 eadem
916 901 967 959 est
985 896 1154 959 vsitatum
1172 902 1206 959 et
1225 896 1390 959 hactenus

281 1006 514 1068 obseruatum.
562 1000 734 1085 Alioquin,
760 1021 821 1084 pro
850 1000 907 1064 illo
936 1022 1027 1064 anno
1056 1000 1100 1064 ad
1129 999 1390 1064 distribuciones

280 1131 349 1173 non
365 1108 583 1181 admittatur,
600 1127 662 1169 nec
677 1105 826 1169 residens
842 1125 904 1189 pro
919 1104 1039 1168 eodem
1055 1126 1145 1169 anno
1161 1104 1387 1188 reputabitur.

280 1287 328 1349 81.
381 1289 467 1370 (330)
506 1287 686 1350 Innuccro
715 1285 791 1348 n’nr
824 1284 945 1368 Jon’rs
976 1284 1075 1349 Gora
1101 1302 1151 1348 An
1175 1284 1389 1349 Cnnrnumn

326 1392 490 1456 clunem
515 1407 563 1453 ne
587 1389 790 1459 Crolruon.

368 1534 543 1600 Vniuersis
565 1534 597 1597 S.
621 1534 665 1597 M.
690 1534 729 1597 E.
754 1532 833 1616 filiis
857 1585 863 1597 .
889 1585 895 1597 .
921 1586 927 1596 .
952 1532 1125 1597 Noueritis
1146 1533 1241 1617 quod
1262 1555 1323 1597 nos
1345 1533 1389 1597 ad

281 1640 479 1705 Cantariam
498 1643 700 1722 perpetuam
721 1689 727 1701 .
751 1689 757 1701 .
781 1689 787 1700 .
808 1656 869 1720 per
887 1643 1033 1700 mortem
1052 1637 1124 1700 d’ni
1142 1637 1323 1701 Thome2.
1349 1690 1388 1702 ,,
1449 1639 1456 1647 ’
1513 1638 1557 1648 ’·

281 1749 464 1808 vacantem
475 1748 509 1805 et
520 1742 565 1806 ad
575 1746 799 1825 patronatum
810 1740 955 1805 Gallridi
966 1742 1094 1825 Pygott
1107 1794 1113 1805 .
1126 1793 1132 1806 .
1146 1793 1151 1805 .
1164 1748 1390 1825 spectantem,

282 1849 378 1913 d'nm
395 1848 531 1931 Joh'em
548 1845 635 1920 Goll,
653 1844 876 1929 Capellanum
894 1898 900 1909 .
921 1898 927 1909 .
948 1898 953 1909 .
973 1845 1173 1909 admisimus
1191 1898 1197 1910 .
1218 1898 1224 1911 .
1244 1899 1251 1911 .
1269 1848 1392 1931 quinto

283 1953 337 2017 die
354 1973 460 2016 mens
479 1949 627 2035 Augusti
644 1950 745 2014 Anno
762 1949 843 2013 D'ni
861 1949 1038 2013 Millesimo
1055 1950 1392 2035 quadringentesimo

282 2056 493 2141 sexagesimo
511 2054 669 2139 septimo.
719 2054 832 2136 (Form
851 2074 888 2118 us
906 2054 944 2117 in
963 2054 1027 2118 No.
1048 2055 1136 2137 327).

287 2239 374 2320 (331)
399 2237 630 2301 Aucrourrns
654 2252 702 2298 ne
725 2252 901 2298 mucrone
925 2251 1129 2298 BANNORUM
1153 2252 1198 2298 nr
1220 2253 1392 2300 sorsum-

329 2359 483 2406 zncronn
508 2341 739 2419 MnrnmonrJ
766 2357 804 2403 in
829 2339 994 2403 CAPELLA
1018 2356 1227 2404 Fonrnsrcn.

372 2481 571 2566 Capitulum
592 2480 671 2545 eccl.
694 2479 768 2545 coll.
791 2482 823 2545 b.
848 2480 941 2544 Petri
963 2481 1086 2564 Ripon'
1109 2481 1259 2546 Will’mo
1280 2483 1390 2559 Saule,

286 2593 453 2672 perpetuo
492 2585 620 2650 vicario
659 2585 831 2669 prebende
871 2585 913 2648 de
953 2584 1147 2649 Gevendale
1187 2586 1221 2649 in
1261 2588 1391 2665 eadem,

287 2692 445 2757 salutem.
493 2690 578 2755 Cum
617 2691 733 2753 banna
771 2690 861 2754 inter
898 2695 1077 2754 strenuum
1115 2690 1228 2755 virum
1267 2692 1395 2757 Will'm

287 2795 461 2881 Stapilton
490 2796 532 2860 de
559 2794 717 2879 Wyghell
744 2794 779 2859 in
807 2793 970 2879 parochia
997 2794 1039 2858 de
1066 2794 1225 2880 Wyghell
1252 2796 1394 2881 predict.

167 2921 176 2929 “
288 2903 390 2966 Ebor.
429 2901 528 2975 dioc,
568 2898 723 2973 Militem,
762 2920 804 2962 ex
840 2921 911 2989 vna
947 2906 1055 2983 parte,
1094 2906 1128 2964 et
1165 2901 1400 2966 honorabilem

288 3005 504 3071 domicellam
544 3005 743 3087 Johannam
780 3002 905 3066 Warde
944 3023 1053 3087 nuper
1090 3024 1232 3068 vxorem
1276 3005 1400 3090 Rogeri

289 3111 415 3175 Warde
450 3110 492 3174 de
526 3107 732 3182 Gevendale,
768 3107 897 3181 militis,
934 3107 1180 3191 parochianam
1215 3116 1322 3184 tuam,
1359 3131 1400 3173 ex

289 3216 397 3280 altera
418 3219 527 3298 parte,
550 3212 695 3276 infesto
717 3211 783 3275 S'ci
804 3211 899 3274 Petri
920 3212 1014 3294 quod
1036 3212 1161 3277 dicitur
1181 3212 1235 3277 Ad
1256 3214 1401 3278 Vincula
1517 3250 1527 3268 ·

289 3319 403 3384 vltimi
420 3317 575 3403 preteriti
592 3315 695 3379 semel
712 3315 867 3391 edideris
886 3316 994 3402 eciam
1011 3316 1045 3380 in
1063 3317 1151 3381 festo
1168 3317 1234 3382 S'ci
1251 3318 1403 3395 Oswaldi

291 3424 393 3509 Regis
419 3430 453 3487 et
479 3421 628 3486 Martiris
653 3441 749 3505 prox.
777 3421 895 3484 futuro
920 3420 1004 3484 alias
1029 3421 1127 3485 edere
1152 3443 1221 3486 non
1247 3423 1398 3487 omittas.

291 3530 337 3592 Et
367 3527 474 3592 tercia
501 3526 576 3590 vice
606 3525 721 3609 aliquo
750 3525 805 3588 die
834 3525 1006 3589 dominico
1035 3546 1095 3590 seu
1124 3526 1178 3590 die
1207 3528 1337 3592 solenni
1367 3533 1401 3591 et

291 3633 416 3696 iestiua
434 3635 683 3714 consequenter
702 3629 746 3693 ad
766 3635 825 3693 tue
844 3629 1060 3694 discrecionis
1078 3630 1226 3707 libitum,
1247 3632 1402 3716 parcium

290 3735 460 3800 instancia
483 3734 668 3808 mediante,
689 3733 773 3797 illud
796 3733 1046 3798 committimus
1066 3734 1214 3798 finaliter
1234 3757 1403 3820 exequen-

291 3841 385 3916 dum,
415 3841 461 3903 Et
488 3844 566 3923 post
593 3840 655 3902 hec
681 3843 721 3901 vt
749 3838 783 3902 in
809 3837 941 3922 capella
967 3838 1009 3902 de
1036 3838 1231 3904 Gevendale
1258 3841 1400 3925 predict.

291 3951 488 4009 nostrorum
526 3941 687 4025 territorii
728 3948 763 4005 et
801 3942 961 4025 parochie
998 3943 1077 4007 eccl.
1117 3943 1198 4008 Coll.
1238 3945 1400 4028 predicte,

292 4049 551 4114 matrimonium
566 4047 656 4111 inter
669 4053 784 4130 partes
799 4046 981 4129 predictas,
997 4046 1025 4110 si
1039 4046 1179 4131 aliquod
1193 4048 1403 4114 Canonicum

292 4153 580 4237 impedimentum
613 4172 682 4215 non
716 4151 875 4226 obsistat,
909 4151 1001 4215 licite
1034 4152 1150 4216 valeas
1182 4153 1401 4229 solennizare,

293 4264 410 4322 tenore
430 4257 644 4341 presencium
662 4255 839 4320 licenciam
858 4256 1077 4320 concedimus
1095 4258 1286 4341 specialem,
1307 4260 1401 4342 Jure,

292 4362 539 4437 iurisdiccione,
581 4360 752 4435 libertate,
794 4359 981 4444 priuilegio
1023 4368 1058 4425 et
1098 4363 1404 4429 consuetudinibus

293 4467 477 4531 nostriset
501 4465 638 4529 ecclesie
661 4465 814 4529 matricis
839 4464 963 4548 Ripon’
989 4466 1163 4530 antedicte
1187 4468 1221 4532 in
1245 4469 1404 4534 omnibus

294 4592 428 4656 semper
461 4570 575 4634 saluis,
625 4571 665 4633 ln
699 4590 846 4653 quorum
882 4570 1036 4634 omnium
1071 4572 1308 4637 testimonium
1343 4575 1404 4638 has

366 4730 373 4751 ¹
394 4724 449 4772 MS.
465 4724 514 4772 has
530 4729 545 4745 ‘¹
555 4723 702 4772 canonili.''

365 4821 375 4844 ²
394 4816 437 4865 No
450 4828 580 4864 sumame
593 4814 761 4863 mentioned.
