3392 5650
350 718 384 761 12
619 696 703 760 Tire
730 698 884 761 luerent
911 698 1170 762 Minuscrnpr.

344 871 562 936 coadiutores
600 872 642 935 dc
678 872 814 936 modico
845 893 910 935 suo
941 873 1068 936 salario
1099 895 1159 937 seu
1194 873 1357 954 porcione
1387 895 1448 936 sex

346 992 536 1036 marcarum
573 971 801 1054 predictarum
839 971 914 1036 sine
948 972 1210 1037 contributione
1248 986 1281 1035 ct
1317 972 1449 1035 auxilio

345 1070 651 1153 prebendariorum
684 1070 907 1135 dominorum
936 1093 1078 1143 suorum
1111 1072 1341 1154 predictorum
1368 1093 1449 1135 con-

343 1171 485 1247 ducunt,
516 1170 575 1253 qui
605 1171 698 1235 vices
729 1192 811 1235 suas
842 1172 985 1254 suplent
1013 1171 1045 1234 in
1078 1171 1267 1253 premissis,
1299 1193 1446 1254 quorunr

343 1270 479 1335 salariis
509 1270 665 1335 deductis
696 1284 729 1334 et
759 1270 884 1335 solutis
917 1270 1022 1334 nichil
1056 1272 1109 1334 vel
1144 1291 1264 1353 parum
1297 1285 1449 1335 remanet

344 1370 435 1434 unde
453 1369 518 1453 ipsi
537 1370 654 1434 vicarii
673 1384 835 1452 poterunt
852 1370 1048 1434 sustentari.

164 1553 330 1629 Thereis'no
433 1546 530 1618 Item,
572 1546 754 1627 supposito
796 1545 890 1626 quod
933 1545 1022 1609 dicte
1065 1568 1124 1609 sex
1166 1567 1277 1610 marce
1316 1546 1446 1610 eisdem

131 1620 318 1740 {gsssffiffls'
345 1645 497 1728 singulis
534 1666 596 1727 pro
638 1666 701 1709 sua
747 1646 1005 1710 sustentacione
1047 1648 1180 1728 absque
1222 1646 1340 1728 aliqua
1380 1646 1449 1709 alia

131 1758 196 1808 erc,
344 1744 616 1809 extraordinaria
629 1744 808 1808 solucione
827 1744 932 1808 libere
951 1759 1177 1820 remanerent,
1196 1746 1311 1809 adhuc
1327 1767 1446 1809 eorum

344 1844 446 1909 alicui
469 1866 538 1908 non
558 1842 755 1908 sufficerent
776 1843 958 1908 ineuentu
983 1845 1093 1909 morbi
1119 1845 1253 1922 sanciti,
1278 1845 1449 1927 decrepite

346 1945 398 2009 vel
427 1944 548 2008 senilis
579 1944 689 2019 etatis,
722 1944 755 2005 in
788 1944 917 2026 quibus
941 1944 969 2008 si
995 1945 1216 2020 occurrerint,
1247 1945 1298 2008 vel
1329 1966 1447 2009 eorurn

345 2044 489 2108 alterurn
511 2043 697 2108 occurrerit
714 2043 817 2107 alicui
839 2044 1041 2120 eorundem,
1065 2045 1238 2127 oportebit
1257 2044 1447 2108 seeundum

131 2142 296 2234 incaseot
346 2143 605 2207 ordinacionem
645 2142 798 2218 ecclesie,
835 2143 1021 2225 predictam
1059 2164 1241 2225 personam
1275 2144 1447 2227 ydoneam

131 2209 332 2337 :Klisshffide
346 2263 543 2326 supponere
560 2243 636 2306 loco
653 2243 706 2306 sui
723 2242 766 2305 ad
784 2243 1006 2307 seruiendum
1025 2243 1131 2307 clroro
1145 2257 1178 2307 et
1190 2264 1270 2307 cure
1289 2243 1450 2326 predictis

131 2340 300 2389 substinues.
345 2344 421 2407 sine
449 2341 710 2407 contribuciene
735 2355 768 2405 et
795 2342 927 2406 auxilio
954 2343 1175 2414 dominorum
1205 2364 1347 2407 suorum
1376 2363 1451 2426 pre·

165 2470 248 2520 Their
261 2487 320 2534 por.
345 2442 527 2507 dictorum.
593 2442 665 2505 Nec
696 2442 804 2505 eciam
837 2441 1034 2505 sufficerent
1064 2442 1153 2506 dicte
1180 2464 1242 2506 sue
1268 2442 1450 2525 porciones

133 2537 304 2650 ῑῐθΰδζἪξξΜ
346 2563 408 2625 pro
436 2564 473 2606 se
498 2555 631 2604 tantum
660 2540 689 2604 si
715 2540 853 2605 caristia
878 2540 1080 2606 victualium
1107 2542 1271 2606 eueniret.
1332 2542 1446 2614 Unde,

132 2612 267 2717 affigo?
269 2620 284 2651 e
298 2618 322 2650 ἠ
347 2641 500 2725 pensatis
538 2640 566 2704 si
608 2642 719 2723 placet
751 2640 871 2705 intime
902 2653 934 2704 et
965 2642 1191 2705 consideratis
1223 2642 1387 2705 omnibus
1418 2654 1450 2706 et

130 2734 294 2849 {ffiffssand
346 2741 499 2826 singulis
528 2741 668 2805 motiuis
700 2740 919 2824 supradictis
954 2753 987 2804 et
1017 2741 1096 2805 aliis
1127 2762 1168 2805 ex
1200 2741 1450 2805 beneuolencia

235 2835 241 2849 '
346 2855 459 2906 vestra
499 2841 744 2924 ponderandis,
780 2841 864 2904 velit
898 2841 1085 2923 paternitas
1118 2855 1231 2905 vestra
1263 2841 1451 2905 reuerenda

266 2978 268 2984 2
346 2941 431 3026 ipsis
449 2941 586 3006 vicariis
597 2954 636 3004 'et
652 2941 755 3004 saluti
770 2941 966 3003 animarum
981 2941 1202 3005 dominorum
1221 2954 1254 3005 et
1272 2942 1451 3024 parochia·

347 3063 469 3105 norum
504 3040 734 3124 predictorum
776 3054 812 3103 ut
851 3040 1068 3123 premittitur,
1103 3041 1157 3104 vel
1199 3054 1300 3124 prout
1338 3054 1451 3104 vestra

345 3140 535 3205 decreuerit
565 3140 731 3222 prouisi0,
758 3139 800 3203 de
831 3153 1005 3222 oportuno
1030 3140 1063 3202 in
1091 3141 1154 3204 hac
1180 3153 1274 3222 parte
1300 3139 1451 3204 remedio

347 3240 529 3323 prouidere
576 3261 637 3322 pro
684 3239 977 3323 augmentacione
1025 3240 1193 3303 dictarum
1246 3239 1448 3322 porcionum

345 3340 511 3423 quatinus
528 3339 571 3403 de
589 3339 662 3403 iure
680 3338 781 3403 fuerit
797 3338 994 3402 faciendum
1016 3339 1116 3403 nobis
1134 3387 1140 3401 .
1169 3387 1176 3401 .

157 3540 216 3588 Tne
225 3538 331 3587 efficiat
433 3515 602 3579 Officialis
620 3513 724 3577 Curie
743 3513 847 3577 Ebor.
893 3514 1065 3598 Magistro
1081 3514 1231 3597 johanni
1250 3514 1292 3577 de
1305 3513 1451 3578 Crakale

132 3604 437 3718 ⁰¹⁸3¹⁰kc⁰l'‘¹dicto
471 3612 611 3698 Rypon’
640 3615 722 3677 eccl.
754 3613 945 3687 CanonicO,
976 3626 1009 3677 et
1039 3613 1210 3696 Magistro
1233 3613 1384 3697 Johanni
1409 3613 1451 3677 de

131 3683 308 3801 {binisrcoirii
348 3715 509 3798 Barneby
527 3714 639 3797 primo
661 3713 754 3776 vices
775 3735 858 3777 suas
882 3713 1123 3793 (commisit'll1
1149 3714 1214 3777 sub
1240 3714 1303 3777 hac
1327 3712 1448 3789 forma,

133 3816 290 3916 aeffi'ffi?
347 3813 561 3891 WillelmuS,
579 3812 808 3896 permissione
821 3812 942 3875 diuina
961 3813 1065 3876 Ebur.
1083 3812 1302 3895 Archiep'us,
1321 3812 1451 3897 Anglie

133 3931 304 3994 Archbisnop
347 3915 486 3997 primas,
528 3913 663 3977 dilectis
709 3911 790 3976 filiis
837 3911 986 3976 Officiali
1030 3912 1133 3977 Curie
1181 3925 1296 3977 nostre
1344 3912 1447 3977 Ebor.

132 3999 315 4112 ffiffiffl
348 4013 521 4098 Magistro
541 4013 692 4096 Johanni
714 4013 756 4076 de
779 4012 951 4076 Crakhale
976 4013 1144 4076 canonico
1168 4012 1311 4077 ecclesie
1338 4025 1452 4076 nostre

133 4145 207 4185 case,
229 4128 330 4189 1337-8‚
349 4113 502 4198 Rypon',
534 4127 567 4176 et
596 4112 747 4196 Johanni
780 4113 822 4175 de
853 4113 1026 4196 Barneby,
1063 4112 1202 4176 Rectori
1235 4113 1378 4176 ecclesie
1410 4113 1451 4176 de

132 4194 193 4256 Μ·
211 4209 247 4242 ¹²·
349 4214 510 4296 Barneby
534 4234 639 4296 super
663 4212 765 4275 Done
791 4226 906 4284 nostre
929 4213 1089 4287 diocesis,
1109 4213 1255 4276 salutem
1282 4213 1447 4296 graciam.

346 4327 379 4378 et
417 4313 710 4377 benediccionem.
778 4312 866 4376 Cum
908 4312 1024 4376 vicarii
1067 4313 1327 4376 Prebendarum
1366 4313 1448 4376 eccl.

349 4427 463 4477 nostre
483 4411 623 4497 Rypon‘
640 4412 710 4475 sint
731 4412 825 4475 iuxta
845 4425 1022 4494 comperta
1047 4413 1080 4474 in
1106 4412 1310 4476 visitacione
1336 4425 1452 4475 nostra

347 4528 451 4596 quam
471 4512 592 4575 vltimo
608 4512 827 4575 exercuimus
845 4511 878 4573 in
897 4512 1029 4589 eadem,
1045 4525 1078 4575 et
1096 4513 1129 4573 in
1147 4512 1225 4575 aliis
1242 4511 1453 4576 visitacioni-

348 4616 413 4677 bus
435 4611 561 4676 nostris
584 4611 710 4675 ibidem
735 4632 795 4694 per
817 4614 927 4693 (ηοε)2
952 4612 1047 4695 prius
1072 4611 1180 4690 factiS,
1202 4612 1306 4676 nimis
1331 4624 1452 4676 tenues

413 4765 462 4813 ¹A
474 4726 549 4813 word
563 4765 675 4813 omitted
683 4726 754 4812 here
767 4763 793 4810 in
813 4764 869 4812 MS.
938 4769 948 4788 ²
966 4763 1087 4811 Omitted
1102 4763 1126 4810 in
1141 4762 1197 4809 MS.
