3392 5650
684 624 957 690 Caurutnuu.

602 718 1027 785 m
1317 742 1359 807 43

257 893 484 979 Wydendon,
507 893 599 958 D'no
619 894 695 958 Ric.
715 894 758 958 de
779 894 917 978 Boyuill
935 897 1128 960 senescallo
1147 897 1217 960 d’ni
1238 897 1356 974 Ebor.,

257 994 361 1059 Petro
382 995 424 1058 de
450 994 579 1078 Eyuill,
602 993 744 1071 balliuo,
773 993 898 1057 Will’o
921 993 964 1058 de
990 994 1156 1072 Massam,
1183 995 1361 1080 jeronimo

256 1094 458 1176 Capellam,
490 1092 619 1156 Rob'to
647 1093 678 1156 le
705 1093 856 1177 Surreys
879 1093 1029 1177 Capell’s
1051 1096 1139 1176 (sic),
1167 1095 1292 1161 Will’o
1319 1097 1361 1161 de

258 1193 471 1271 Bocheland,
490 1205 524 1256 et
539 1192 628 1255 aliis,

255 1398 325 1479 (52)
362 1395 574 1477 (Evtuuucs
607 1408 851 1455 couci-:numo
879 1410 1011 1457 ntitas
1042 1385 1080 1457 iu
1110 1394 1356 1478 Wnnctnr).

242 1618 244 1621 Α
341 1548 429 1614 Cum
456 1560 644 1611 verteretur
667 1545 804 1626 questio
829 1546 864 1608 in
890 1546 1088 1613 Canonicos
1112 1550 1154 1613 de
1185 1551 1302 1634 Ripon
1329 1568 1362 1617 et
1403 1571 1426 1603 ⁶·
1444 1570 1513 1619 1235·

256 1650 375 1713 fratres
403 1647 587 1730 hospitalis
619 1645 688 1710 S’ci
715 1644 826 1730 loh’is
854 1646 896 1710 de
926 1647 1056 1731 Ripon’
1081 1670 1187 1732 super
1217 1652 1361 1718 decimis
1376 1668 1547 1731 wyteclyffe.

256 1752 334 1813 lane
379 1748 422 1812 de
468 1745 624 1831 Qwitelif
665 1746 902 1810 asserentibus
949 1747 1208 1831 (quibusdam)1
1250 1753 1361 1818 dictos

255 1849 375 1912 fratres
402 1847 527 1911 debere
552 1846 679 1909 habere
702 1844 842 1908 terciam
872 1857 1015 1928 partem,
1048 1846 1215 1913 Canonici
1244 1864 1358 1916 autem

253 1949 341 2013 duas
373 1958 498 2030 parteS,
529 1945 618 2008 sicut
649 1943 774 2007 habeat
801 1943 844 2007 de
872 1944 976 2008 blado
1000 1945 1155 2011 eiusdem
1185 1950 1356 2028 territorii,

253 2048 332 2112 aliis
370 2046 511 2129 quidem
555 2043 698 2107 firmiter
736 2044 974 2109 asserentibus
1012 2045 1122 2111 dictos
1161 2047 1360 2115 Canonicos

254 2162 360 2214 totam
378 2146 548 2211 decimam
571 2145 649 2207 lane
669 2143 750 2207 dicti
769 2143 832 2207 loci
852 2144 976 2208 debere
994 2145 1170 2229 percipere
1187 2171 1194 2222 ;
1220 2150 1357 2213 tandem

253 2271 295 2313 ex
320 2258 482 2331 precepto
506 2244 686 2326 W(alteri)
710 2243 963 2326 archiepiscopi
988 2243 1077 2308 facta
1100 2259 1152 2310 est
1174 2247 1360 2330 inquisicio

255 2369 315 2431 per
343 2348 553 2411 Herbertum
583 2344 802 2426 capellanum
831 2356 865 2406 et
891 2344 1137 2428 Thorphinum
1165 2361 1197 2410 et
1222 2348 1361 2413 Willel-

255 2469 349 2511 mum
392 2445 438 2509 fit.
486 2444 633 2520 Odonis,
678 2442 873 2525 prepositos
914 2444 1055 2518 iuratos,
1103 2446 1136 2508 in
1182 2449 1360 2529 presencia

256 2548 507 2632 Magistrorum
550 2543 660 2628 Joh’is
706 2542 882 2626 Romayn,
930 2543 996 2607 Ad.
1039 2544 1082 2608 de
1123 2546 1357 2623 Richemund,

255 2648 297 2714 G.
326 2648 369 2711 de
398 2645 538 2721 Larder,
567 2643 627 2706 W.
655 2642 697 2705 de
726 2641 930 2717 Aureliano,
961 2658 995 2707 et
1016 2643 1127 2728 Joh'is
1151 2646 1192 2711 de
1223 2647 1358 2726 Hilton,

253 2760 336 2811 tunc
391 2744 518 2808 Balliui
572 2754 606 2806 et
659 2741 889 2825 plurimorum
949 2742 1109 2820 aliorum,
1166 2747 1225 2829 qui
1281 2747 1363 2813 fide-

254 2848 330 2912 liter
360 2858 583 2911 asseruerunt
613 2855 646 2906 et
677 2841 834 2919 corditer,
870 2843 963 2924 quod
997 2859 1074 2926 post
1105 2846 1237 2910 obitum
1271 2850 1361 2913 bone

255 2945 420 3011 memorie
469 2942 602 3027 Rogeri
649 2941 826 3024 archiep’i,
878 2942 1039 3007 viderunt
1088 2945 1261 3010 Thomam
1310 2949 1357 3012 fil.

253 3046 390 3111 Thome
417 3045 460 3108 de
488 3045 578 3106 ultra
607 3042 716 3105 Usam
743 3054 859 3105 tenere
883 3043 1069 3126 grangiam
1095 3044 1137 3108 de
1162 3045 1298 3130 Qwiuif
1316 3048 1360 3112 ad

252 3146 400 3221 firmam,
421 3156 455 3208 et
477 3144 598 3208 eodem
624 3155 779 3224 tempore
797 3140 1020 3206 Willelmum
1045 3143 1088 3207 de
1114 3144 1220 3230 Laley
1242 3160 1362 3212 tenen-

254 3259 321 3309 tem
351 3243 537 3328 grangiam
568 3242 611 3305 de
640 3240 866 3324 Northscogh
890 3241 934 3304 ad
962 3241 1098 3305 firmam
1127 3244 1297 3318 similiter,
1328 3259 1362 3310 et

253 3345 410 3408 Thomas
445 3357 600 3424 tempore
640 3340 813 3404 tonsionis
858 3341 1013 3404 vendidit
1046 3341 1139 3407 dicto
1180 3343 1361 3409 Willelmo

253 3466 337 3509 oues
358 3464 446 3526 quas
472 3442 594 3506 habuit
613 3440 706 3522 apud
727 3439 869 3525 Qwitlif.
921 3441 973 3503 Eo
990 3454 1145 3524 tempore
1162 3443 1361 3510 Thoraldus

253 3545 397 3608 clericus
434 3541 556 3605 habuit
590 3553 696 3604 totam
735 3554 866 3623 partem
905 3542 1117 3605 decimarum
1154 3544 1196 3607 de
1229 3544 1365 3630 Qwiuif

254 3644 481 3727 pertinentem
525 3640 568 3703 ad
611 3641 799 3705 canonicos
845 3641 975 3724 Ripon’
1019 3641 1062 3705 ad
1105 3641 1254 3721 firmam,
1299 3645 1358 3727 qui

254 3744 395 3808 nomine
427 3741 684 3806 Canonicorum
717 3762 828 3824 agens
858 3741 901 3804 ad
935 3743 1157 3824 recuperand.
1188 3743 1358 3808 decimam

252 3845 295 3908 de
310 3843 411 3907 dictis
428 3841 593 3905 omnibus
607 3841 756 3904 venditis
773 3862 889 3904 coram
908 3841 1117 3906 officialibus
1130 3844 1361 3926 archiepisco·

254 3956 355 4027 patus
399 3941 518 4017 Ebor.,
560 3940 691 4004 scilicet
732 3961 848 4004 coram
892 3941 1086 4005 Laurencio
1129 3943 1272 4007 Archid.
1318 3946 1361 4009 de

256 4043 420 4108 Bedforth
445 4055 478 4106 et
503 4041 671 4125 magistro
698 4041 842 4124 Rogero
868 4042 1024 4105 Arundel
1047 4042 1080 4104 in
1107 4041 1218 4106 forma
1242 4044 1359 4109 iudicii

253 4156 358 4208 totam
377 4141 545 4205 decimam
570 4142 647 4204 lane
664 4140 744 4204 dicti
767 4142 832 4205 loci
855 4141 897 4205 de
915 4141 1052 4226 Qwitlif
1064 4143 1177 4206 euicit.
1229 4145 1361 4209 Dicunt

253 4243 361 4307 eciam
402 4241 491 4304 idem
535 4239 644 4324 Jurati
684 4240 777 4322 quod
822 4243 1025 4323 (tempore)1
1064 4243 1160 4323 bone,
1195 4245 1360 4309 memorie

256 4342 389 4426 Rogeri
422 4339 599 4421 Archiep’i
632 4340 793 4403 viderunt
829 4361 959 4423 paucos
996 4342 1170 4406 multones
1201 4355 1235 4406 et
1273 4345 1361 4429 hog-

253 4444 320 4525 (20)
341 4454 487 4526 gastres,
507 4440 719 4521 quandoque
739 4441 808 4516 lxv,
828 4441 1041 4523 quandoque
1057 4443 1246 4527 octoginta,
1266 4445 1359 4527 apud

254 4541 397 4627 Qwitlif,
425 4541 467 4604 de
494 4540 623 4622 quibus
650 4540 842 4604 Herbertus
870 4543 1038 4623 presbiter
1064 4541 1147 4606 dicit
1170 4564 1207 4606 se
1231 4543 1360 4609 vidisse

253 4641 433 4706 ecclesiam
455 4640 498 4703 de
521 4639 639 4721 Ripon
663 4639 850 4722 percipisse
871 4639 1023 4706 decimas
1046 4642 1189 4725 integre.
1240 4642 1360 4709 Will's

319 4823 326 4846 ¹
346 4817 479 4866 Inserted.
