<?xml version="1.0" encoding="UTF-8"?>
<!DOCTYPE html PUBLIC "-//W3C//DTD XHTML 1.0 Transitional//EN"
    "http://www.w3.org/TR/xhtml1/DTD/xhtml1-transitional.dtd">
<html xmlns="http://www.w3.org/1999/xhtml" xml:lang="en" lang="en">
 <head>
  <title>
</title>
<meta http-equiv="Content-Type" content="text/html;charset=utf-8" />
  <meta name='ocr-system' content='tesseract 3.04.00' />
  <meta name='ocr-capabilities' content='ocr_page ocr_carea ocr_par ocr_line ocrx_word'/>
</head>
<body>
  <div class='ocr_page' id='page_1' title='image "./memorialschurch01fowlgoog_0080.png"; bbox 0 0 3392 5650; ppageno 0'>
   <div class='ocr_carea' id='block_1_1' title="bbox 326 687 1152 771">
    <p class='ocr_par' dir='ltr' id='par_1_1' title="bbox 326 687 1152 771">
     <span class='ocr_line' id='line_1_1' title="bbox 326 687 1152 771; baseline -0.005 -17"><span class='ocrx_word' id='word_1_1' title='bbox 326 695 368 771; x_wconf 82' lang='lat'>38</span> <span class='ocrx_word' id='word_1_2' title='bbox 600 690 684 753; x_wconf 76' lang='lat' dir='ltr'>Tru:</span> <span class='ocrx_word' id='word_1_3' title='bbox 710 691 866 753; x_wconf 78' lang='lat' dir='ltr'>lnortssv</span> <span class='ocrx_word' id='word_1_4' title='bbox 892 687 1152 751; x_wconf 69' lang='lat' dir='ltr'>Mnuuscnnn</span> 
     </span>
    </p>
   </div>
   <div class='ocr_carea' id='block_1_2' title="bbox 323 859 1431 3741">
    <p class='ocr_par' dir='ltr' id='par_1_2' title="bbox 323 859 1431 3741">
     <span class='ocr_line' id='line_1_2' title="bbox 325 859 1428 949; baseline -0.007 -20"><span class='ocrx_word' id='word_1_5' title='bbox 325 865 544 949; x_wconf 75' lang='lat' dir='ltr'>cogentibus</span> <span class='ocrx_word' id='word_1_6' title='bbox 588 864 740 948; x_wconf 87' lang='lat' dir='ltr'>colliget.</span> <span class='ocrx_word' id='word_1_7' title='bbox 825 862 914 926; x_wconf 88' lang='lat' dir='ltr'>D’ns</span> <span class='ocrx_word' id='word_1_8' title='bbox 956 875 1071 926; x_wconf 89' lang='lat' dir='ltr'>autem</span> <span class='ocrx_word' id='word_1_9' title='bbox 1120 862 1163 924; x_wconf 87' lang='lat' dir='ltr'>R.</span> <span class='ocrx_word' id='word_1_10' title='bbox 1207 875 1241 925; x_wconf 91' lang='lat' dir='ltr'>et</span> <span class='ocrx_word' id='word_1_11' title='bbox 1286 859 1428 923; x_wconf 88' lang='lat' dir='ltr'>heredes</span> 
     </span>
     <span class='ocr_line' id='line_1_3' title="bbox 325 960 1429 1044; baseline -0.007 -15"><span class='ocrx_word' id='word_1_12' title='bbox 325 965 400 1029; x_wconf 90' lang='lat' dir='ltr'>eius</span> <span class='ocrx_word' id='word_1_13' title='bbox 427 986 505 1029; x_wconf 95' lang='lat' dir='ltr'>cum</span> <span class='ocrx_word' id='word_1_14' title='bbox 530 964 663 1027; x_wconf 86' lang='lat' dir='ltr'>familia</span> <span class='ocrx_word' id='word_1_15' title='bbox 688 986 761 1040; x_wconf 92' lang='lat' dir='ltr'>sua,</span> <span class='ocrx_word' id='word_1_16' title='bbox 783 964 816 1025; x_wconf 92' lang='lat' dir='ltr'>in</span> <span class='ocrx_word' id='word_1_17' title='bbox 843 963 911 1026; x_wconf 92' lang='lat' dir='ltr'>hiis</span> <span class='ocrx_word' id='word_1_18' title='bbox 935 963 1045 1026; x_wconf 92' lang='lat' dir='ltr'>tribus</span> <span class='ocrx_word' id='word_1_19' title='bbox 1064 960 1262 1044; x_wconf 85' lang='lat' dir='ltr'>prescriptis</span> <span class='ocrx_word' id='word_1_20' title='bbox 1279 961 1429 1041; x_wconf 90' lang='lat' dir='ltr'>solemp-</span> 
     </span>
     <span class='ocr_line' id='line_1_4' title="bbox 326 1058 1427 1142; baseline -0.007 -15"><span class='ocrx_word' id='word_1_21' title='bbox 326 1064 492 1129; x_wconf 86' lang='lat' dir='ltr'>nitatibus</span> <span class='ocrx_word' id='word_1_22' title='bbox 519 1064 659 1128; x_wconf 94' lang='lat' dir='ltr'>venient</span> <span class='ocrx_word' id='word_1_23' title='bbox 689 1064 732 1128; x_wconf 92' lang='lat' dir='ltr'>ad</span> <span class='ocrx_word' id='word_1_24' title='bbox 766 1076 908 1127; x_wconf 89' lang='lat' dir='ltr'>matrem</span> <span class='ocrx_word' id='word_1_25' title='bbox 941 1062 1122 1126; x_wconf 92' lang='lat' dir='ltr'>ecclesiam</span> <span class='ocrx_word' id='word_1_26' title='bbox 1155 1080 1279 1132; x_wconf 92' lang='lat' dir='ltr'>suam;</span> <span class='ocrx_word' id='word_1_27' title='bbox 1314 1058 1427 1142; x_wconf 88' lang='lat' dir='ltr'>[ceteri</span> 
     </span>
     <span class='ocr_line' id='line_1_5' title="bbox 325 1159 1430 1245; baseline -0.003 -22"><span class='ocrx_word' id='word_1_28' title='bbox 325 1184 407 1227; x_wconf 92' lang='lat' dir='ltr'>vero</span> <span class='ocrx_word' id='word_1_29' title='bbox 445 1162 646 1245; x_wconf 88' lang='lat' dir='ltr'>parochiani</span> <span class='ocrx_word' id='word_1_30' title='bbox 686 1163 767 1226; x_wconf 93' lang='lat' dir='ltr'>ville</span> <span class='ocrx_word' id='word_1_31' title='bbox 811 1162 1051 1244; x_wconf 90' lang='lat' dir='ltr'>prenominate</span> <span class='ocrx_word' id='word_1_32' title='bbox 1091 1162 1124 1221; x_wconf 95' lang='lat' dir='ltr'>in</span> <span class='ocrx_word' id='word_1_33' title='bbox 1169 1160 1237 1222; x_wconf 93' lang='lat' dir='ltr'>hiis</span> <span class='ocrx_word' id='word_1_34' title='bbox 1279 1159 1430 1239; x_wconf 90' lang='lat' dir='ltr'>solemp-</span> 
     </span>
     <span class='ocr_line' id='line_1_6' title="bbox 326 1258 1423 1342; baseline -0.004 -18"><span class='ocrx_word' id='word_1_35' title='bbox 326 1262 492 1326; x_wconf 86' lang='lat' dir='ltr'>nitatibus</span> <span class='ocrx_word' id='word_1_36' title='bbox 523 1262 663 1326; x_wconf 86' lang='lat' dir='ltr'>venient</span> <span class='ocrx_word' id='word_1_37' title='bbox 690 1262 733 1325; x_wconf 92' lang='lat' dir='ltr'>ad</span> <span class='ocrx_word' id='word_1_38' title='bbox 766 1262 941 1326; x_wconf 84' lang='lat' dir='ltr'>matricem</span> <span class='ocrx_word' id='word_1_39' title='bbox 975 1261 1155 1325; x_wconf 90' lang='lat' dir='ltr'>ecclesiam</span> <span class='ocrx_word' id='word_1_40' title='bbox 1188 1258 1322 1342; x_wconf 85' lang='lat' dir='ltr'>suam]1</span> <span class='ocrx_word' id='word_1_41' title='bbox 1351 1258 1423 1322; x_wconf 82' lang='lat' dir='ltr'>scil.</span> 
     </span>
     <span class='ocr_line' id='line_1_7' title="bbox 324 1358 1428 1436; baseline -0.003 -12"><span class='ocrx_word' id='word_1_42' title='bbox 324 1361 380 1425; x_wconf 92' lang='lat' dir='ltr'>die</span> <span class='ocrx_word' id='word_1_43' title='bbox 413 1361 548 1425; x_wconf 86' lang='lat' dir='ltr'>Natalis</span> <span class='ocrx_word' id='word_1_44' title='bbox 582 1361 675 1436; x_wconf 90' lang='lat' dir='ltr'>D’ni,</span> <span class='ocrx_word' id='word_1_45' title='bbox 706 1362 762 1425; x_wconf 90' lang='lat' dir='ltr'>die</span> <span class='ocrx_word' id='word_1_46' title='bbox 794 1361 1058 1426; x_wconf 85' lang='lat' dir='ltr'>Purificacionis</span> <span class='ocrx_word' id='word_1_47' title='bbox 1090 1363 1188 1424; x_wconf 90' lang='lat' dir='ltr'>beate</span> <span class='ocrx_word' id='word_1_48' title='bbox 1222 1359 1341 1431; x_wconf 85' lang='lat' dir='ltr'>Marie,</span> <span class='ocrx_word' id='word_1_49' title='bbox 1373 1358 1428 1421; x_wconf 91' lang='lat' dir='ltr'>die</span> 
     </span>
     <span class='ocr_line' id='line_1_8' title="bbox 325 1459 1429 1538; baseline -0.005 -13"><span class='ocrx_word' id='word_1_50' title='bbox 325 1460 447 1525; x_wconf 87' lang='lat' dir='ltr'>Crucis</span> <span class='ocrx_word' id='word_1_51' title='bbox 484 1460 671 1538; x_wconf 87' lang='lat' dir='ltr'>adorande,</span> <span class='ocrx_word' id='word_1_52' title='bbox 713 1461 769 1524; x_wconf 88' lang='lat' dir='ltr'>die</span> <span class='ocrx_word' id='word_1_53' title='bbox 809 1461 929 1537; x_wconf 89' lang='lat' dir='ltr'>Pasce,</span> <span class='ocrx_word' id='word_1_54' title='bbox 971 1461 1094 1524; x_wconf 90' lang='lat' dir='ltr'>diebus</span> <span class='ocrx_word' id='word_1_55' title='bbox 1132 1459 1361 1523; x_wconf 85' lang='lat' dir='ltr'>Assencionis</span> <span class='ocrx_word' id='word_1_56' title='bbox 1396 1470 1429 1521; x_wconf 91' lang='lat' dir='ltr'>et</span> 
     </span>
     <span class='ocr_line' id='line_1_9' title="bbox 327 1558 1430 1637; baseline -0.003 -15"><span class='ocrx_word' id='word_1_57' title='bbox 327 1559 560 1637; x_wconf 82' lang='lat' dir='ltr'>PentecosteS,</span> <span class='ocrx_word' id='word_1_58' title='bbox 588 1560 730 1624; x_wconf 86' lang='lat' dir='ltr'>diebus²</span> <span class='ocrx_word' id='word_1_59' title='bbox 754 1559 823 1623; x_wconf 88' lang='lat' dir='ltr'>S’ci</span> <span class='ocrx_word' id='word_1_60' title='bbox 849 1560 1018 1636; x_wconf 81' lang='lat' dir='ltr'>Wilfridi,</span> <span class='ocrx_word' id='word_1_61' title='bbox 1045 1560 1101 1623; x_wconf 90' lang='lat' dir='ltr'>die</span> <span class='ocrx_word' id='word_1_62' title='bbox 1126 1558 1295 1622; x_wconf 90' lang='lat' dir='ltr'>Omnium</span> <span class='ocrx_word' id='word_1_63' title='bbox 1322 1558 1430 1620; x_wconf 89' lang='lat' dir='ltr'>Sanc-</span> 
     </span>
     <span class='ocr_line' id='line_1_10' title="bbox 324 1656 1430 1741; baseline -0.005 -19"><span class='ocrx_word' id='word_1_64' title='bbox 324 1671 449 1723; x_wconf 88' lang='lat' dir='ltr'>torum.</span> <span class='ocrx_word' id='word_1_65' title='bbox 499 1659 554 1722; x_wconf 88' lang='lat' dir='ltr'>Ad</span> <span class='ocrx_word' id='word_1_66' title='bbox 573 1659 636 1723; x_wconf 89' lang='lat' dir='ltr'>hec</span> <span class='ocrx_word' id='word_1_67' title='bbox 654 1658 806 1741; x_wconf 87' lang='lat' dir='ltr'>prefatus</span> <span class='ocrx_word' id='word_1_68' title='bbox 825 1659 870 1721; x_wconf 89' lang='lat' dir='ltr'>R.</span> <span class='ocrx_word' id='word_1_69' title='bbox 887 1660 941 1723; x_wconf 91' lang='lat' dir='ltr'>vel</span> <span class='ocrx_word' id='word_1_70' title='bbox 959 1659 1160 1741; x_wconf 88' lang='lat' dir='ltr'>quicunque</span> <span class='ocrx_word' id='word_1_71' title='bbox 1177 1658 1207 1721; x_wconf 92' lang='lat' dir='ltr'>ei</span> <span class='ocrx_word' id='word_1_72' title='bbox 1225 1656 1430 1721; x_wconf 84' lang='lat' dir='ltr'>successerit</span> 
     </span>
     <span class='ocr_line' id='line_1_11' title="bbox 325 1756 1430 1842; baseline -0.004 -21"><span class='ocrx_word' id='word_1_73' title='bbox 325 1758 456 1841; x_wconf 85' lang='lat' dir='ltr'>prefato</span> <span class='ocrx_word' id='word_1_74' title='bbox 481 1758 673 1842; x_wconf 87' lang='lat' dir='ltr'>Capeliano</span> <span class='ocrx_word' id='word_1_75' title='bbox 701 1758 735 1819; x_wconf 96' lang='lat' dir='ltr'>in</span> <span class='ocrx_word' id='word_1_76' title='bbox 760 1758 881 1822; x_wconf 91' lang='lat' dir='ltr'>eadem</span> <span class='ocrx_word' id='word_1_77' title='bbox 911 1760 1044 1842; x_wconf 92' lang='lat' dir='ltr'>capella</span> <span class='ocrx_word' id='word_1_78' title='bbox 1071 1758 1236 1822; x_wconf 91' lang='lat' dir='ltr'>seruienti</span> <span class='ocrx_word' id='word_1_79' title='bbox 1263 1756 1368 1819; x_wconf 91' lang='lat' dir='ltr'>victui</span> <span class='ocrx_word' id='word_1_80' title='bbox 1398 1768 1430 1818; x_wconf 90' lang='lat' dir='ltr'>et</span> 
     </span>
     <span class='ocr_line' id='line_1_12' title="bbox 324 1857 1427 1941; baseline -0.002 -23"><span class='ocrx_word' id='word_1_81' title='bbox 324 1858 462 1923; x_wconf 85' lang='lat' dir='ltr'>vestitui</span> <span class='ocrx_word' id='word_1_82' title='bbox 496 1857 690 1922; x_wconf 87' lang='lat' dir='ltr'>necessaria</span> <span class='ocrx_word' id='word_1_83' title='bbox 722 1858 933 1921; x_wconf 92' lang='lat' dir='ltr'>ministrabit</span> <span class='ocrx_word' id='word_1_84' title='bbox 965 1858 1018 1921; x_wconf 91' lang='lat' dir='ltr'>vel</span> <span class='ocrx_word' id='word_1_85' title='bbox 1052 1880 1114 1941; x_wconf 91' lang='lat' dir='ltr'>pro</span> <span class='ocrx_word' id='word_1_86' title='bbox 1153 1857 1222 1921; x_wconf 94' lang='lat' dir='ltr'>hiis</span> <span class='ocrx_word' id='word_1_87' title='bbox 1258 1868 1427 1938; x_wconf 88' lang='lat' dir='ltr'>quantum</span> 
     </span>
     <span class='ocr_line' id='line_1_13' title="bbox 325 1955 1430 2041; baseline -0.003 -21"><span class='ocrx_word' id='word_1_88' title='bbox 325 1958 413 2021; x_wconf 90' lang='lat' dir='ltr'>inter</span> <span class='ocrx_word' id='word_1_89' title='bbox 439 1979 500 2022; x_wconf 91' lang='lat' dir='ltr'>eos</span> <span class='ocrx_word' id='word_1_90' title='bbox 524 1957 726 2021; x_wconf 89' lang='lat' dir='ltr'>conuenerit</span> <span class='ocrx_word' id='word_1_91' title='bbox 752 1957 794 2020; x_wconf 92' lang='lat' dir='ltr'>de</span> <span class='ocrx_word' id='word_1_92' title='bbox 827 1958 967 2040; x_wconf 87' lang='lat' dir='ltr'>proprio</span> <span class='ocrx_word' id='word_1_93' title='bbox 998 1957 1204 2041; x_wconf 86' lang='lat' dir='ltr'>assignabit.</span> <span class='ocrx_word' id='word_1_94' title='bbox 1271 1955 1430 2037; x_wconf 92' lang='lat' dir='ltr'>Recipiet</span> 
     </span>
     <span class='ocr_line' id='line_1_14' title="bbox 323 2056 1431 2140; baseline -0.005 -20"><span class='ocrx_word' id='word_1_95' title='bbox 323 2071 438 2121; x_wconf 89' lang='lat' dir='ltr'>autem</span> <span class='ocrx_word' id='word_1_96' title='bbox 462 2057 636 2140; x_wconf 89' lang='lat' dir='ltr'>predictus</span> <span class='ocrx_word' id='word_1_97' title='bbox 658 2056 871 2138; x_wconf 87' lang='lat' dir='ltr'>Capellanus</span> <span class='ocrx_word' id='word_1_98' title='bbox 895 2078 936 2120; x_wconf 88' lang='lat' dir='ltr'>ex</span> <span class='ocrx_word' id='word_1_99' title='bbox 962 2069 1058 2139; x_wconf 90' lang='lat' dir='ltr'>parte</span> <span class='ocrx_word' id='word_1_100' title='bbox 1083 2068 1200 2121; x_wconf 87' lang='lat' dir='ltr'>nostra</span> <span class='ocrx_word' id='word_1_101' title='bbox 1224 2057 1291 2137; x_wconf 85' lang='lat'>(16)</span> <span class='ocrx_word' id='word_1_102' title='bbox 1309 2076 1431 2117; x_wconf 92' lang='lat' dir='ltr'>manu-</span> 
     </span>
     <span class='ocr_line' id='line_1_15' title="bbox 325 2155 1429 2240; baseline -0.003 -20"><span class='ocrx_word' id='word_1_103' title='bbox 325 2171 461 2240; x_wconf 91' lang='lat' dir='ltr'>portum</span> <span class='ocrx_word' id='word_1_104' title='bbox 505 2158 598 2238; x_wconf 91' lang='lat' dir='ltr'>quod</span> <span class='ocrx_word' id='word_1_105' title='bbox 635 2157 665 2220; x_wconf 91' lang='lat' dir='ltr'>ei</span> <span class='ocrx_word' id='word_1_106' title='bbox 701 2168 770 2219; x_wconf 92' lang='lat' dir='ltr'>tam</span> <span class='ocrx_word' id='word_1_107' title='bbox 816 2157 1017 2238; x_wconf 89' lang='lat' dir='ltr'>parochiani</span> <span class='ocrx_word' id='word_1_108' title='bbox 1057 2177 1162 2239; x_wconf 92' lang='lat' dir='ltr'>quam</span> <span class='ocrx_word' id='word_1_109' title='bbox 1206 2156 1264 2218; x_wconf 93' lang='lat' dir='ltr'>alii</span> <span class='ocrx_word' id='word_1_110' title='bbox 1309 2155 1429 2218; x_wconf 89' lang='lat' dir='ltr'>fideles</span> 
     </span>
     <span class='ocr_line' id='line_1_16' title="bbox 324 2255 1429 2341; baseline -0.002 -22"><span class='ocrx_word' id='word_1_111' title='bbox 324 2257 433 2341; x_wconf 84' lang='lat' dir='ltr'>gratis</span> <span class='ocrx_word' id='word_1_112' title='bbox 465 2256 619 2332; x_wconf 80' lang='lat' dir='ltr'>offerent,</span> <span class='ocrx_word' id='word_1_113' title='bbox 653 2255 806 2338; x_wconf 88' lang='lat' dir='ltr'>exceptis</span> <span class='ocrx_word' id='word_1_114' title='bbox 838 2256 906 2319; x_wconf 92' lang='lat' dir='ltr'>hiis</span> <span class='ocrx_word' id='word_1_115' title='bbox 942 2277 1009 2337; x_wconf 90' lang='lat' dir='ltr'>que</span> <span class='ocrx_word' id='word_1_116' title='bbox 1047 2255 1235 2319; x_wconf 88' lang='lat' dir='ltr'>offerentur</span> <span class='ocrx_word' id='word_1_117' title='bbox 1267 2256 1300 2317; x_wconf 94' lang='lat' dir='ltr'>in</span> <span class='ocrx_word' id='word_1_118' title='bbox 1335 2255 1429 2319; x_wconf 86' lang='lat' dir='ltr'>festis</span> 
     </span>
     <span class='ocr_line' id='line_1_17' title="bbox 323 2355 1430 2440; baseline -0.005 -19"><span class='ocrx_word' id='word_1_119' title='bbox 323 2358 455 2440; x_wconf 89' lang='lat' dir='ltr'>capelle</span> <span class='ocrx_word' id='word_1_120' title='bbox 493 2370 526 2421; x_wconf 91' lang='lat' dir='ltr'>et</span> <span class='ocrx_word' id='word_1_121' title='bbox 564 2357 717 2439; x_wconf 89' lang='lat' dir='ltr'>exceptis</span> <span class='ocrx_word' id='word_1_122' title='bbox 755 2356 920 2419; x_wconf 92' lang='lat' dir='ltr'>omnibus</span> <span class='ocrx_word' id='word_1_123' title='bbox 957 2356 1025 2419; x_wconf 93' lang='lat' dir='ltr'>illis</span> <span class='ocrx_word' id='word_1_124' title='bbox 1057 2377 1125 2436; x_wconf 90' lang='lat' dir='ltr'>que</span> <span class='ocrx_word' id='word_1_125' title='bbox 1157 2356 1229 2419; x_wconf 89' lang='lat' dir='ltr'>iure</span> <span class='ocrx_word' id='word_1_126' title='bbox 1261 2355 1430 2418; x_wconf 90' lang='lat' dir='ltr'>debentur</span> 
     </span>
     <span class='ocr_line' id='line_1_18' title="bbox 323 2454 1426 2537; baseline -0.005 -16"><span class='ocrx_word' id='word_1_127' title='bbox 323 2457 467 2521; x_wconf 87' lang='lat' dir='ltr'>ecclesie</span> <span class='ocrx_word' id='word_1_128' title='bbox 507 2469 633 2533; x_wconf 88' lang='lat' dir='ltr'>nostre,</span> <span class='ocrx_word' id='word_1_129' title='bbox 675 2454 748 2519; x_wconf 91' lang='lat' dir='ltr'>scil.</span> <span class='ocrx_word' id='word_1_130' title='bbox 787 2454 931 2518; x_wconf 90' lang='lat' dir='ltr'>decimis</span> <span class='ocrx_word' id='word_1_131' title='bbox 970 2454 1146 2529; x_wconf 73' lang='lat' dir='ltr'>omnibus</span> <span class='ocrx_word' id='word_1_132' title='bbox 1189 2454 1426 2537; x_wconf 88' lang='lat' dir='ltr'>sponsalibus,</span> 
     </span>
     <span class='ocr_line' id='line_1_19' title="bbox 326 2554 1429 2638; baseline -0.002 -21"><span class='ocrx_word' id='word_1_133' title='bbox 326 2555 643 2638; x_wconf 89' lang='lat' dir='ltr'>purificacionibus,</span> <span class='ocrx_word' id='word_1_134' title='bbox 685 2554 819 2630; x_wconf 91' lang='lat' dir='ltr'>diuisis,</span> <span class='ocrx_word' id='word_1_135' title='bbox 862 2555 1172 2630; x_wconf 80' lang='lat' dir='ltr'>confessionibus,3</span> <span class='ocrx_word' id='word_1_136' title='bbox 1210 2569 1243 2618; x_wconf 87' lang='lat' dir='ltr'>et</span> <span class='ocrx_word' id='word_1_137' title='bbox 1281 2555 1308 2617; x_wconf 93' lang='lat' dir='ltr'>si</span> <span class='ocrx_word' id='word_1_138' title='bbox 1351 2554 1429 2635; x_wconf 89' lang='lat' dir='ltr'>quis</span> 
     </span>
     <span class='ocr_line' id='line_1_20' title="bbox 326 2654 1430 2740; baseline 0.002 -22"><span class='ocrx_word' id='word_1_139' title='bbox 326 2655 594 2739; x_wconf 87' lang='lat' dir='ltr'>presbiterorum</span> <span class='ocrx_word' id='word_1_140' title='bbox 619 2654 664 2718; x_wconf 92' lang='lat' dir='ltr'>ibi</span> <span class='ocrx_word' id='word_1_141' title='bbox 687 2655 964 2719; x_wconf 88' lang='lat' dir='ltr'>ministrancium</span> <span class='ocrx_word' id='word_1_142' title='bbox 986 2658 1105 2739; x_wconf 91' lang='lat' dir='ltr'>aliquo</span> <span class='ocrx_word' id='word_1_143' title='bbox 1129 2670 1284 2740; x_wconf 86' lang='lat' dir='ltr'>tempore</span> <span class='ocrx_word' id='word_1_144' title='bbox 1309 2670 1430 2721; x_wconf 90' lang='lat' dir='ltr'>contra</span> 
     </span>
     <span class='ocr_line' id='line_1_21' title="bbox 325 2754 1429 2840; baseline 0.002 -21"><span class='ocrx_word' id='word_1_145' title='bbox 325 2768 580 2819; x_wconf 87' lang='lat' dir='ltr'>sacramentum</span> <span class='ocrx_word' id='word_1_146' title='bbox 627 2754 753 2833; x_wconf 88' lang='lat' dir='ltr'>fecerit,</span> <span class='ocrx_word' id='word_1_147' title='bbox 809 2769 843 2818; x_wconf 90' lang='lat' dir='ltr'>et</span> <span class='ocrx_word' id='word_1_148' title='bbox 892 2755 955 2818; x_wconf 90' lang='lat' dir='ltr'>iuri</span> <span class='ocrx_word' id='word_1_149' title='bbox 1003 2759 1085 2821; x_wconf 90' lang='lat' dir='ltr'>eccl.</span> <span class='ocrx_word' id='word_1_150' title='bbox 1136 2771 1251 2822; x_wconf 91' lang='lat' dir='ltr'>nostre</span> <span class='ocrx_word' id='word_1_151' title='bbox 1297 2758 1429 2840; x_wconf 90' lang='lat' dir='ltr'>aliquid</span> 
     </span>
     <span class='ocr_line' id='line_1_22' title="bbox 325 2857 1430 2939; baseline 0 -19"><span class='ocrx_word' id='word_1_152' title='bbox 325 2858 543 2934; x_wconf 88' lang='lat' dir='ltr'>subtraxerit,</span> <span class='ocrx_word' id='word_1_153' title='bbox 601 2857 828 2939; x_wconf 87' lang='lat' dir='ltr'>presbiterum</span> <span class='ocrx_word' id='word_1_154' title='bbox 884 2870 1010 2921; x_wconf 92' lang='lat' dir='ltr'>statum</span> <span class='ocrx_word' id='word_1_155' title='bbox 1073 2859 1255 2922; x_wconf 92' lang='lat' dir='ltr'>autoritate</span> <span class='ocrx_word' id='word_1_156' title='bbox 1314 2871 1430 2922; x_wconf 89' lang='lat' dir='ltr'>nostra</span> 
     </span>
     <span class='ocr_line' id='line_1_23' title="bbox 325 2956 1426 3042; baseline 0.001 -22"><span class='ocrx_word' id='word_1_157' title='bbox 325 2956 500 3020; x_wconf 89' lang='lat' dir='ltr'>eiciemus.</span> <span class='ocrx_word' id='word_1_158' title='bbox 548 2957 683 3040; x_wconf 87' lang='lat' dir='ltr'>Jurabit</span> <span class='ocrx_word' id='word_1_159' title='bbox 699 2978 840 3039; x_wconf 89' lang='lat' dir='ltr'>quoque</span> <span class='ocrx_word' id='word_1_160' title='bbox 858 2957 947 3021; x_wconf 89' lang='lat' dir='ltr'>idem</span> <span class='ocrx_word' id='word_1_161' title='bbox 969 2959 1012 3021; x_wconf 88' lang='lat' dir='ltr'>R.</span> <span class='ocrx_word' id='word_1_162' title='bbox 1035 2979 1097 3041; x_wconf 93' lang='lat' dir='ltr'>pro</span> <span class='ocrx_word' id='word_1_163' title='bbox 1113 2981 1150 3023; x_wconf 90' lang='lat' dir='ltr'>se</span> <span class='ocrx_word' id='word_1_164' title='bbox 1166 2973 1199 3024; x_wconf 91' lang='lat' dir='ltr'>et</span> <span class='ocrx_word' id='word_1_165' title='bbox 1224 2981 1285 3042; x_wconf 89' lang='lat' dir='ltr'>pro</span> <span class='ocrx_word' id='word_1_166' title='bbox 1311 2959 1426 3022; x_wconf 91' lang='lat' dir='ltr'>hered.</span> 
     </span>
     <span class='ocr_line' id='line_1_24' title="bbox 325 3056 1431 3142; baseline -0.001 -22"><span class='ocrx_word' id='word_1_167' title='bbox 325 3079 352 3120; x_wconf 92' lang='lat' dir='ltr'>s.</span> <span class='ocrx_word' id='word_1_168' title='bbox 369 3056 411 3120; x_wconf 93' lang='lat' dir='ltr'>de</span> <span class='ocrx_word' id='word_1_169' title='bbox 429 3056 680 3139; x_wconf 88' lang='lat' dir='ltr'>indempnitate</span> <span class='ocrx_word' id='word_1_170' title='bbox 696 3057 777 3120; x_wconf 89' lang='lat' dir='ltr'>eccl.</span> <span class='ocrx_word' id='word_1_171' title='bbox 798 3056 857 3120; x_wconf 89' lang='lat' dir='ltr'>s’ci</span> <span class='ocrx_word' id='word_1_172' title='bbox 876 3057 1008 3135; x_wconf 69' lang='lat' dir='ltr'>Witfr,</span> <span class='ocrx_word' id='word_1_173' title='bbox 1029 3071 1062 3122; x_wconf 90' lang='lat' dir='ltr'>et</span> <span class='ocrx_word' id='word_1_174' title='bbox 1078 3061 1171 3140; x_wconf 92' lang='lat' dir='ltr'>quod</span> <span class='ocrx_word' id='word_1_175' title='bbox 1195 3082 1216 3121; x_wconf 87' lang='lat' dir='ltr'>a</span> <span class='ocrx_word' id='word_1_176' title='bbox 1241 3059 1431 3142; x_wconf 89' lang='lat' dir='ltr'>prescripta</span> 
     </span>
     <span class='ocr_line' id='line_1_25' title="bbox 325 3156 1431 3238; baseline -0.001 -18"><span class='ocrx_word' id='word_1_177' title='bbox 325 3156 577 3220; x_wconf 90' lang='lat' dir='ltr'>constitucione</span> <span class='ocrx_word' id='word_1_178' title='bbox 606 3156 639 3219; x_wconf 94' lang='lat' dir='ltr'>in</span> <span class='ocrx_word' id='word_1_179' title='bbox 670 3169 874 3238; x_wconf 88' lang='lat' dir='ltr'>perpetuum</span> <span class='ocrx_word' id='word_1_180' title='bbox 906 3179 974 3220; x_wconf 94' lang='lat' dir='ltr'>non</span> <span class='ocrx_word' id='word_1_181' title='bbox 1009 3157 1177 3221; x_wconf 90' lang='lat' dir='ltr'>recedent.</span> <span class='ocrx_word' id='word_1_182' title='bbox 1244 3158 1317 3220; x_wconf 89' lang='lat' dir='ltr'>Nos</span> <span class='ocrx_word' id='word_1_183' title='bbox 1349 3178 1431 3219; x_wconf 87' lang='lat' dir='ltr'>vero</span> 
     </span>
     <span class='ocr_line' id='line_1_26' title="bbox 326 3256 1428 3349; baseline -0.002 -30"><span class='ocrx_word' id='word_1_184' title='bbox 326 3268 538 3338; x_wconf 87' lang='lat' dir='ltr'>pretaxatam</span> <span class='ocrx_word' id='word_1_185' title='bbox 584 3256 872 3332; x_wconf 89' lang='lat' dir='ltr'>conuencionem,</span> <span class='ocrx_word' id='word_1_186' title='bbox 919 3269 954 3319; x_wconf 90' lang='lat' dir='ltr'>vt</span> <span class='ocrx_word' id='word_1_187' title='bbox 999 3256 1132 3321; x_wconf 87' lang='lat' dir='ltr'>firmior</span> <span class='ocrx_word' id='word_1_188' title='bbox 1175 3270 1283 3349; x_wconf 73' lang='lat' dir='ltr'>esset,</span> <span class='ocrx_word' id='word_1_189' title='bbox 1320 3256 1428 3340; x_wconf 87' lang='lat' dir='ltr'>sigilli</span> 
     </span>
     <span class='ocr_line' id='line_1_27' title="bbox 327 3352 1431 3441; baseline 0.004 -25"><span class='ocrx_word' id='word_1_190' title='bbox 327 3354 521 3418; x_wconf 91' lang='lat' dir='ltr'>munimine</span> <span class='ocrx_word' id='word_1_191' title='bbox 553 3355 661 3418; x_wconf 88' lang='lat' dir='ltr'>nostri</span> <span class='ocrx_word' id='word_1_192' title='bbox 691 3357 906 3420; x_wconf 86' lang='lat' dir='ltr'>roboramus.</span> <span class='ocrx_word' id='word_1_193' title='bbox 970 3356 1050 3421; x_wconf 93' lang='lat' dir='ltr'>Hiis</span> <span class='ocrx_word' id='word_1_194' title='bbox 1082 3358 1239 3436; x_wconf 90' lang='lat' dir='ltr'>testibus,</span> <span class='ocrx_word' id='word_1_195' title='bbox 1273 3352 1431 3441; x_wconf 88' lang='lat' dir='ltr'>Hugone</span> 
     </span>
     <span class='ocr_line' id='line_1_28' title="bbox 326 3453 1427 3541; baseline 0.002 -25"><span class='ocrx_word' id='word_1_196' title='bbox 326 3453 372 3517; x_wconf 85' lang='lat' dir='ltr'>fit.</span> <span class='ocrx_word' id='word_1_197' title='bbox 416 3454 593 3539; x_wconf 88' lang='lat' dir='ltr'>Gernago,</span> <span class='ocrx_word' id='word_1_198' title='bbox 635 3453 775 3517; x_wconf 89' lang='lat' dir='ltr'>Wimar</span> <span class='ocrx_word' id='word_1_199' title='bbox 807 3454 854 3516; x_wconf 89' lang='lat' dir='ltr'>fil.</span> <span class='ocrx_word' id='word_1_200' title='bbox 894 3454 998 3530; x_wconf 89' lang='lat' dir='ltr'>Rad.,</span> <span class='ocrx_word' id='word_1_201' title='bbox 1033 3456 1121 3519; x_wconf 88' lang='lat' dir='ltr'>Rad.</span> <span class='ocrx_word' id='word_1_202' title='bbox 1157 3457 1200 3522; x_wconf 90' lang='lat' dir='ltr'>de</span> <span class='ocrx_word' id='word_1_203' title='bbox 1232 3457 1427 3541; x_wconf 81' lang='lat' dir='ltr'>Nunewylr,</span> 
     </span>
     <span class='ocr_line' id='line_1_29' title="bbox 329 3554 1427 3633; baseline 0.004 -17"><span class='ocrx_word' id='word_1_204' title='bbox 329 3554 456 3618; x_wconf 93' lang='lat' dir='ltr'>Radul.</span> <span class='ocrx_word' id='word_1_205' title='bbox 477 3554 524 3617; x_wconf 85' lang='lat' dir='ltr'>fil.</span> <span class='ocrx_word' id='word_1_206' title='bbox 546 3554 626 3631; x_wconf 86' lang='lat' dir='ltr'>Ald,</span> <span class='ocrx_word' id='word_1_207' title='bbox 650 3554 805 3618; x_wconf 89' lang='lat' dir='ltr'>Roberto</span> <span class='ocrx_word' id='word_1_208' title='bbox 822 3555 864 3617; x_wconf 93' lang='lat' dir='ltr'>de</span> <span class='ocrx_word' id='word_1_209' title='bbox 886 3554 1066 3632; x_wconf 86' lang='lat' dir='ltr'>Mulwath,</span> <span class='ocrx_word' id='word_1_210' title='bbox 1088 3557 1204 3620; x_wconf 83' lang='lat' dir='ltr'>Alano</span> <span class='ocrx_word' id='word_1_211' title='bbox 1223 3558 1427 3633; x_wconf 90' lang='lat' dir='ltr'>Bruncoste,</span> 
     </span>
     <span class='ocr_line' id='line_1_30' title="bbox 326 3652 1427 3741; baseline 0.001 -23"><span class='ocrx_word' id='word_1_212' title='bbox 326 3655 510 3719; x_wconf 90' lang='lat' dir='ltr'>Willelmo</span> <span class='ocrx_word' id='word_1_213' title='bbox 520 3655 562 3719; x_wconf 92' lang='lat' dir='ltr'>de</span> <span class='ocrx_word' id='word_1_214' title='bbox 576 3654 753 3739; x_wconf 87' lang='lat' dir='ltr'>Stodelay,</span> <span class='ocrx_word' id='word_1_215' title='bbox 773 3652 932 3717; x_wconf 88' lang='lat' dir='ltr'>Waltero</span> <span class='ocrx_word' id='word_1_216' title='bbox 947 3655 1107 3731; x_wconf 84' lang='lat' dir='ltr'>Aleman,</span> <span class='ocrx_word' id='word_1_217' title='bbox 1123 3656 1248 3738; x_wconf 88' lang='lat' dir='ltr'>Joh’ne</span> <span class='ocrx_word' id='word_1_218' title='bbox 1261 3656 1427 3741; x_wconf 84' lang='lat' dir='ltr'>Creuger.</span> 
     </span>
    </p>
   </div>
   <div class='ocr_carea' id='block_1_3' title="bbox 752 3791 999 3874">
    <p class='ocr_par' dir='ltr' id='par_1_3' title="bbox 752 3791 999 3874">
     <span class='ocr_line' id='line_1_31' title="bbox 752 3791 999 3874; baseline 0.004 -21"><span class='ocrx_word' id='word_1_219' title='bbox 752 3792 822 3874; x_wconf 87' lang='lat'><em>(42)</em></span> <span class='ocrx_word' id='word_1_220' title='bbox 849 3791 999 3854; x_wconf 83' lang='lat' dir='ltr'>Horun.</span> 
     </span>
    </p>
   </div>
   <div class='ocr_carea' id='block_1_4' title="bbox 402 3916 1347 4004">
    <p class='ocr_par' dir='ltr' id='par_1_4' title="bbox 402 3916 1347 4004">
     <span class='ocr_line' id='line_1_32' title="bbox 402 3916 1347 4004; baseline 0 -23"><span class='ocrx_word' id='word_1_221' title='bbox 402 3918 528 3998; x_wconf 88' lang='lat' dir='ltr'>(Grant</span> <span class='ocrx_word' id='word_1_222' title='bbox 544 3917 582 3981; x_wconf 82' lang='lat' dir='ltr'>of</span> <span class='ocrx_word' id='word_1_223' title='bbox 595 3917 676 3980; x_wconf 93' lang='lat' dir='ltr'>land</span> <span class='ocrx_word' id='word_1_224' title='bbox 693 3916 746 3981; x_wconf 86' lang='lat' dir='ltr'>for</span> <span class='ocrx_word' id='word_1_225' title='bbox 761 3917 883 3999; x_wconf 91' lang='lat' dir='ltr'>chapel</span> <span class='ocrx_word' id='word_1_226' title='bbox 902 3918 948 4001; x_wconf 92' lang='lat' dir='ltr'>by</span> <span class='ocrx_word' id='word_1_227' title='bbox 968 3916 1090 4001; x_wconf 86' lang='lat' dir='ltr'>Roger</span> <span class='ocrx_word' id='word_1_228' title='bbox 1105 3918 1148 3981; x_wconf 89' lang='lat' dir='ltr'>de</span> <span class='ocrx_word' id='word_1_229' title='bbox 1165 3917 1347 4004; x_wconf 84' lang='lat' dir='ltr'>Conyers).</span> 
     </span>
    </p>
   </div>
   <div class='ocr_carea' id='block_1_5' title="bbox 328 4042 1440 4426">
    <p class='ocr_par' dir='ltr' id='par_1_5' title="bbox 328 4042 1440 4426">
     <span class='ocr_line' id='line_1_33' title="bbox 415 4042 1426 4126; baseline 0 -19"><span class='ocrx_word' id='word_1_230' title='bbox 415 4043 555 4107; x_wconf 89' lang='lat' dir='ltr'>Printed</span> <span class='ocrx_word' id='word_1_231' title='bbox 573 4042 660 4107; x_wconf 86' lang='lat' dir='ltr'>from</span> <span class='ocrx_word' id='word_1_232' title='bbox 678 4043 736 4105; x_wconf 91' lang='lat' dir='ltr'>the</span> <span class='ocrx_word' id='word_1_233' title='bbox 755 4042 995 4126; x_wconf 86' lang='lat' dir='ltr'>Darnbrough</span> <span class='ocrx_word' id='word_1_234' title='bbox 1015 4043 1092 4106; x_wconf 82' lang='lat' dir='ltr'>MS.</span> <span class='ocrx_word' id='word_1_235' title='bbox 1114 4043 1147 4105; x_wconf 93' lang='lat' dir='ltr'>in</span> <span class='ocrx_word' id='word_1_236' title='bbox 1174 4043 1281 4107; x_wconf 83' lang='lat' dir='ltr'>Mem.</span> <span class='ocrx_word' id='word_1_237' title='bbox 1302 4046 1426 4126; x_wconf 77' lang='lat' dir='ltr'>Rz&#39;pon,</span> 
     </span>
     <span class='ocr_line' id='line_1_34' title="bbox 328 4141 1429 4228; baseline -0.001 -19"><span class='ocrx_word' id='word_1_238' title='bbox 328 4147 354 4224; x_wconf 90' lang='lat' dir='ltr'>I,</span> <span class='ocrx_word' id='word_1_239' title='bbox 387 4166 458 4208; x_wconf 90' lang='lat'><strong>201.</strong></span> <span class='ocrx_word' id='word_1_240' title='bbox 524 4142 666 4228; x_wconf 86' lang='lat' dir='ltr'>Ingilby</span> <span class='ocrx_word' id='word_1_241' title='bbox 700 4142 777 4206; x_wconf 89' lang='lat' dir='ltr'>MS.</span> <span class='ocrx_word' id='word_1_242' title='bbox 813 4141 876 4205; x_wconf 92' lang='lat' dir='ltr'>has</span> <span class='ocrx_word' id='word_1_243' title='bbox 907 4143 965 4205; x_wconf 91' lang='lat' dir='ltr'>the</span> <span class='ocrx_word' id='word_1_244' title='bbox 998 4142 1163 4227; x_wconf 88' lang='lat' dir='ltr'>readings</span> <span class='ocrx_word' id='word_1_245' title='bbox 1198 4144 1429 4219; x_wconf 82' lang='lat' dir='ltr'>“l)usacre,&#39;&#39;</span> 
     </span>
     <span class='ocr_line' id='line_1_35' title="bbox 329 4241 1429 4326; baseline -0.003 -17"><span class='ocrx_word' id='word_1_246' title='bbox 329 4242 541 4320; x_wconf 86' lang='lat' dir='ltr'>“Sauner,&#39;’</span> <span class='ocrx_word' id='word_1_247' title='bbox 606 4241 829 4318; x_wconf 85' lang='lat' dir='ltr'>“fr’nitate,’&#39;</span> <span class='ocrx_word' id='word_1_248' title='bbox 894 4242 1098 4305; x_wconf 85' lang='lat' dir='ltr'>“Kendala</span> <span class='ocrx_word' id='word_1_249' title='bbox 1155 4243 1230 4306; x_wconf 75' lang='lat' dir='ltr'>iuxa</span> <span class='ocrx_word' id='word_1_250' title='bbox 1292 4244 1429 4326; x_wconf 79' lang='lat' dir='ltr'>p’fata,’&#39;</span> 
     </span>
     <span class='ocr_line' id='line_1_36' title="bbox 329 4341 1440 4426; baseline -0.002 -18"><span class='ocrx_word' id='word_1_251' title='bbox 329 4350 351 4380; x_wconf 88' lang='lat'>“</span> <span class='ocrx_word' id='word_1_252' title='bbox 364 4341 590 4418; x_wconf 88' lang='lat' dir='ltr'>Cramauill,”</span> <span class='ocrx_word' id='word_1_253' title='bbox 611 4349 633 4376; x_wconf 84' lang='lat'>“</span> <span class='ocrx_word' id='word_1_254' title='bbox 650 4341 877 4418; x_wconf 88' lang='lat' dir='ltr'>Bruncoste,&#39;’</span> <span class='ocrx_word' id='word_1_255' title='bbox 899 4346 921 4376; x_wconf 85' lang='lat'>“</span> <span class='ocrx_word' id='word_1_256' title='bbox 934 4341 1001 4405; x_wconf 84' lang='lat' dir='ltr'>Ate</span> <span class='ocrx_word' id='word_1_257' title='bbox 1017 4341 1059 4405; x_wconf 93' lang='lat' dir='ltr'>de</span> <span class='ocrx_word' id='word_1_258' title='bbox 1078 4342 1332 4426; x_wconf 84' lang='lat' dir='ltr'>Bischoptun.’‘</span> <span class='ocrx_word' id='word_1_259' title='bbox 1438 4350 1440 4353; x_wconf 81' lang='grc'><strong>’</strong></span> 
     </span>
    </p>
   </div>
   <div class='ocr_carea' id='block_1_6' title="bbox 325 4478 1429 4858">
    <p class='ocr_par' dir='ltr' id='par_1_6' title="bbox 325 4478 1429 4622">
     <span class='ocr_line' id='line_1_37' title="bbox 392 4478 1429 4536; baseline -0.004 -6"><span class='ocrx_word' id='word_1_260' title='bbox 392 4489 399 4510; x_wconf 96' lang='lat'>¹</span> <span class='ocrx_word' id='word_1_261' title='bbox 418 4483 509 4530; x_wconf 81' lang='lat' dir='ltr'>These</span> <span class='ocrx_word' id='word_1_262' title='bbox 529 4481 620 4530; x_wconf 88' lang='lat' dir='ltr'>words</span> <span class='ocrx_word' id='word_1_263' title='bbox 640 4497 688 4529; x_wconf 90' lang='lat' dir='ltr'>are</span> <span class='ocrx_word' id='word_1_264' title='bbox 709 4479 822 4528; x_wconf 86' lang='lat' dir='ltr'>omitted</span> <span class='ocrx_word' id='word_1_265' title='bbox 844 4479 870 4526; x_wconf 93' lang='lat' dir='ltr'>in</span> <span class='ocrx_word' id='word_1_266' title='bbox 890 4479 935 4526; x_wconf 86' lang='lat' dir='ltr'>the</span> <span class='ocrx_word' id='word_1_267' title='bbox 956 4478 1023 4536; x_wconf 90' lang='lat' dir='ltr'>MS.,</span> <span class='ocrx_word' id='word_1_268' title='bbox 1044 4479 1090 4526; x_wconf 83' lang='lat' dir='ltr'>but</span> <span class='ocrx_word' id='word_1_269' title='bbox 1108 4497 1156 4530; x_wconf 88' lang='lat' dir='ltr'>are</span> <span class='ocrx_word' id='word_1_270' title='bbox 1174 4484 1239 4531; x_wconf 84' lang='lat' dir='ltr'>bere</span> <span class='ocrx_word' id='word_1_271' title='bbox 1258 4484 1340 4530; x_wconf 87' lang='lat' dir='ltr'>taken</span> <span class='ocrx_word' id='word_1_272' title='bbox 1363 4483 1429 4529; x_wconf 83' lang='lat' dir='ltr'>from</span> 
     </span>
     <span class='ocr_line' id='line_1_38' title="bbox 325 4559 806 4622; baseline -0.012 -11"><span class='ocrx_word' id='word_1_273' title='bbox 325 4561 427 4611; x_wconf 85' lang='lat' dir='ltr'>similar</span> <span class='ocrx_word' id='word_1_274' title='bbox 439 4560 608 4615; x_wconf 89' lang='lat' dir='ltr'>documents,</span> <span class='ocrx_word' id='word_1_275' title='bbox 622 4576 683 4622; x_wconf 81' lang='lat' dir='ltr'>e.g.,</span> <span class='ocrx_word' id='word_1_276' title='bbox 698 4559 751 4606; x_wconf 90' lang='lat' dir='ltr'>No.</span> <span class='ocrx_word' id='word_1_277' title='bbox 766 4573 806 4620; x_wconf 85' lang='lat'>50·</span> 
     </span>
    </p>

    <p class='ocr_par' dir='ltr' id='par_1_7' title="bbox 325 4627 1428 4779">
     <span class='ocr_line' id='line_1_39' title="bbox 389 4627 1428 4697; baseline -0.014 -10"><span class='ocrx_word' id='word_1_278' title='bbox 389 4643 399 4666; x_wconf 87' lang='lat'>²</span> <span class='ocrx_word' id='word_1_279' title='bbox 417 4639 476 4686; x_wconf 87' lang='lat' dir='ltr'>The</span> <span class='ocrx_word' id='word_1_280' title='bbox 497 4637 689 4694; x_wconf 85' lang='lat' dir='ltr'>“Nativitas,&#39;&#39;</span> <span class='ocrx_word' id='word_1_281' title='bbox 708 4635 819 4697; x_wconf 90' lang='lat' dir='ltr'>Sunday</span> <span class='ocrx_word' id='word_1_282' title='bbox 838 4635 910 4682; x_wconf 84' lang='lat' dir='ltr'>alter</span> <span class='ocrx_word' id='word_1_283' title='bbox 928 4633 998 4696; x_wconf 85' lang='lat' dir='ltr'>Aug.</span> <span class='ocrx_word' id='word_1_284' title='bbox 1021 4648 1041 4690; x_wconf 91' lang='lat' dir='ltr'>r,</span> <span class='ocrx_word' id='word_1_285' title='bbox 1062 4632 1107 4679; x_wconf 86' lang='lat' dir='ltr'>the</span> <span class='ocrx_word' id='word_1_286' title='bbox 1129 4627 1280 4692; x_wconf 86' lang='lat' dir='ltr'>Depositi0‚</span> <span class='ocrx_word' id='word_1_287' title='bbox 1307 4627 1369 4675; x_wconf 87' lang='lat' dir='ltr'>Oct.</span> <span class='ocrx_word' id='word_1_288' title='bbox 1392 4642 1428 4684; x_wconf 87' lang='lat'>12,</span> 
     </span>
     <span class='ocr_line' id='line_1_40' title="bbox 325 4715 795 4779; baseline -0.013 -12"><span class='ocrx_word' id='word_1_289' title='bbox 325 4718 379 4767; x_wconf 88' lang='lat' dir='ltr'>and</span> <span class='ocrx_word' id='word_1_290' title='bbox 393 4718 438 4765; x_wconf 86' lang='lat' dir='ltr'>the</span> <span class='ocrx_word' id='word_1_291' title='bbox 453 4719 470 4742; x_wconf 87' lang='lat'>“</span> <span class='ocrx_word' id='word_1_292' title='bbox 481 4715 663 4771; x_wconf 85' lang='lat' dir='ltr'>Translatio,&#39;&#39;</span> <span class='ocrx_word' id='word_1_293' title='bbox 676 4715 741 4779; x_wconf 88' lang='lat' dir='ltr'>Apr.</span> <span class='ocrx_word' id='word_1_294' title='bbox 757 4729 795 4775; x_wconf 91' lang='lat'>²4·</span> 
     </span>
    </p>

    <p class='ocr_par' dir='ltr' id='par_1_8' title="bbox 390 4784 1386 4858">
     <span class='ocr_line' id='line_1_41' title="bbox 390 4784 1386 4858; baseline -0.014 -13"><span class='ocrx_word' id='word_1_295' title='bbox 390 4801 400 4832; x_wconf 82' lang='lat'>³</span> <span class='ocrx_word' id='word_1_296' title='bbox 418 4795 470 4844; x_wconf 94' lang='lat' dir='ltr'>No.</span> <span class='ocrx_word' id='word_1_297' title='bbox 485 4809 517 4858; x_wconf 88' lang='lat'>50</span> <span class='ocrx_word' id='word_1_298' title='bbox 529 4793 610 4842; x_wconf 85' lang='lat' dir='ltr'>reads</span> <span class='ocrx_word' id='word_1_299' title='bbox 625 4792 746 4841; x_wconf 85' lang='lat' dir='ltr'>“diuisis</span> <span class='ocrx_word' id='word_1_300' title='bbox 758 4800 786 4841; x_wconf 90' lang='lat' dir='ltr'>et</span> <span class='ocrx_word' id='word_1_301' title='bbox 798 4788 1041 4840; x_wconf 62' lang='lat' dir='ltr'>confessionibus·</span> <span class='ocrx_word' id='word_1_302' title='bbox 1075 4787 1183 4836; x_wconf 86' lang='lat' dir='ltr'>Divisoe</span> <span class='ocrx_word' id='word_1_303' title='bbox 1194 4800 1243 4834; x_wconf 87' lang='lat' dir='ltr'>are</span> <span class='ocrx_word' id='word_1_304' title='bbox 1256 4784 1386 4847; x_wconf 88' lang='lat' dir='ltr'>legaeies.</span> 
     </span>
    </p>
   </div>
   <div class='ocr_carea' id='block_1_7' title="bbox 0 0 1706 5650">
    <p class='ocr_par' dir='ltr' id='par_1_9' title="bbox 0 0 1706 5650">
     <span class='ocr_line' id='line_1_42' title="bbox 0 0 1706 5650; baseline 0 0"><span class='ocrx_word' id='word_1_305' title='bbox 0 0 1706 5650; x_wconf 95' lang='lat' dir='ltr'> </span> 
     </span>
    </p>
   </div>
  </div>
 </body>
</html>
