3392 5650
607 692 701 757 Acrs
725 709 770 756 or
794 692 973 757 Cunrrnn.
1282 686 1347 773 289

236 894 295 943 roo
308 900 340 943 v.
386 869 474 953 (364)
501 871 688 935 Vrsrrncio
710 871 754 935 M.
778 871 936 935 Anonos
960 869 1142 944 anunu,
1168 868 1345 933 Cuuorucr

280 976 566 1055 RrsrorucmniJ
593 993 736 1040 unuani.

214 1109 218 1116 ’
321 1116 492 1180 Vicesimo
526 1136 619 1179 nono
654 1116 709 1179 die
743 1116 870 1180 mensis
905 1115 1035 1197 Marcij,
1071 1114 1172 1178 Anno
1207 1112 1347 1177 Domini
1395 1124 1456 1227 Mass
1460 1126 1513 1239 1129

233 1220 376 1284 Mill'mo
399 1220 677 1305 quingentesimo
700 1221 894 1295 vndecimo,
919 1220 954 1284 in
979 1220 1033 1284 do,
1061 1218 1117 1283 Ca.
1144 1217 1235 1282 Eccl.
1262 1216 1344 1281 Coll.
1366 1245 1417 1293 Mr.
1432 1245 1551 1293 Andrew

128 1369 134 1380 ·
233 1325 370 1407 Ripon’,
410 1325 573 1409 Magister
609 1324 765 1389 Andreas
803 1324 980 1398 Newman,
1020 1322 1212 1388 Canonicus
1252 1320 1346 1385 Resi-
1387 1312 1530 1367 Newman‚

233 1428 425 1493 denciarius
448 1428 483 1492 in
508 1427 599 1493 Eccl.
627 1428 709 1493 Coll.
736 1430 902 1513 predicta,
928 1449 968 1492 ac
994 1427 1172 1491 Presidens
1196 1424 1347 1508 Capituli
1369 1379 1550 1508 prfflplppegrrn

233 1533 395 1607 eiusdem,
425 1538 460 1597 et
488 1532 687 1616 Capitulum
714 1534 759 1597 ad
786 1539 870 1599 tunc
898 1533 1027 1597 ibidem
1054 1532 1193 1607 iaciens,
1223 1536 1257 1593 et
1284 1550 1347 1613 pro

233 1637 398 1702 tribunali
422 1638 467 1702 ad
491 1637 578 1719 Jura
601 1637 776 1702 reddenda
799 1637 935 1722 publice
958 1637 1090 1711 sedens,
1114 1636 1150 1699 in
1172 1635 1348 1718 presencia

233 1742 277 1805 M.
307 1741 438 1805 Thome
467 1741 669 1816 Bakhowse,
699 1741 862 1805 Canonici
881 1734 925 1805 'in
953 1741 1048 1805 dicta
1076 1740 1166 1804 Eccl.
1197 1739 1290 1803 Coll..
1308 1760 1348 1803 ac

233 1844 452 1927 Prebendarij
482 1845 654 1929 prebende
680 1846 722 1909 de
749 1846 981 1929 Stanewigges
1006 1845 1041 1908 in
1067 1844 1198 1918 eadem,
1227 1843 1347 1907 ceteris

232 1969 314 2013 vero
349 1949 529 2013 Canonicis
564 1955 598 2012 et
634 1950 875 2032 Prebendarijs
910 1950 944 2013 in
980 1949 1101 2013 eadem
1135 1948 1226 2012 Eccl.
1265 1947 1347 2011 Coll.

232 2074 293 2136 per
308 2074 426 2118 eorum
442 2059 683 2137 procuratores
698 2075 816 2118 coram
831 2055 952 2118 eodem
969 2054 1133 2137 Magistro
1150 2052 1348 2116 Presidente

232 2159 523 2242 comparentibus
551 2159 643 2222 inter
667 2164 781 2223 cetera
806 2159 986 2243 proposuit
1011 2158 1127 2242 palam
1153 2162 1188 2221 et
1213 2156 1349 2240 publice
1380 2152 1553 2268 assJffHtcggt

232 2263 323 2353 idern
347 2263 510 2348 Magister
535 2262 714 2327 Presidens
738 2264 900 2348 Capituli,
925 2263 1022 2347 quod
1046 2262 1173 2326 nedum
1198 2261 1349 2325 clamosa
1370 2233 1421 2333 ddi
1435 2233 1553 2347 odlyby

231 2367 465 2431 insinuacione
502 2388 542 2431 ac
578 2368 767 2432 multorum
806 2368 1059 2452 fidedignorum
1098 2366 1267 2430 relacione
1304 2366 1349 2429 ad
1380 2351 1549 2467 {⁶933aess

233 2471 305 2534 eius
318 2471 488 2546 auditum,
504 2491 625 2536 verum
639 2472 747 2536 eciam
762 2473 869 2536 oculis
882 2468 1031 2556 proprijs
1044 2472 1136 2534 clara
1149 2470 1349 2554 aspeccione
1374 2433 1553 2533 obyservation

232 2576 427 2657 peruenerit
447 2576 588 2640 noticia1
610 2577 653 2640 de
673 2578 807 2661 magnis
827 2582 863 2641 et
880 2576 1007 2660 apertis
1026 2574 1347 2659 dilapidacionibus,
1363 2552 1397 2599 ¹¹⁸
1406 2565 1462 2600 was
1472 2564 1563 2600 aware

232 2679 506 2755 ruinositatibus,
528 2680 819 2755 deformitatibus
841 2686 877 2743 et
897 2680 1088 2744 defectibus
1108 2680 1145 2742 in
1164 2679 1349 2742 mansioni·
1395 2618 1531 2747 <liaffi-

232 2784 306 2860 buS,
330 2784 501 2860 domibus,
525 2784 681 2868 edificijs,
706 2791 740 2849 et
763 2785 970 2849 tenementis
992 2784 1037 2849 ad
1059 2783 1289 2848 Canonicatus
1311 2788 1346 2847 et
1363 2754 1563 2881 offigitpgn

232 2890 423 2971 prebendas
448 2890 483 2952 in
509 2889 603 2953 dicta
629 2891 770 2955 ecclesia
796 2889 984 2973 Collegiata
1009 2888 1272 2972 pertinentibus,
1302 2889 1347 2951 ob
1368 2884 1515 2998 belorffiing
1524 2887 1555 2932 to

232 2993 406 3057 defectum
419 2999 454 3056 et
466 2993 711 3078 necligenciam
724 2994 975 3059 Canonicorum
989 2999 1024 3058 et
1037 2991 1348 3056 Prebendariorum
1387 2964 1534 3080 prebeiids

235 3098 432 3173 eorundem,
474 3118 534 3163 seu
574 3099 690 3162 saltim
731 3103 849 3162 eorum
890 3098 1129 3172 firmanorum,
1172 3096 1273 3160 iactis
1313 3100 1348 3160 et

233 3202 415 3285 permissis,
434 3202 469 3266 in
486 3208 626 3266 tantum
642 3203 684 3266 de
700 3203 887 3278 verisimili,
906 3203 1001 3288 quod
1018 3202 1119 3277 absit,
1138 3201 1228 3265 inira
1244 3202 1348 3265 breue
1381 3249 1543 3299 immediate

233 3312 380 3391 tempus,
419 3306 484 3371 nisi
520 3307 624 3371 cicius
661 3308 853 3373 remedium
890 3313 1103 3392 oportunum
1140 3311 1347 3390 apponatur,
1386 3316 1536 3366 attention.

233 3411 359 3494 prelati
382 3412 587 3487 mansiones,
612 3412 717 3488 domi,
742 3412 886 3488 edificia,
912 3417 946 3476 et
970 3417 1169 3477 tenementa
1192 3410 1350 3475 funditus

233 3515 369 3578 ruinam
406 3521 440 3578 et
477 3536 577 3580 casus
613 3518 804 3600 pacientur.
854 3517 928 3600 Que
964 3517 1105 3600 quidem
1143 3515 1348 3602 mansiones,

234 3617 364 3692 domos
394 3618 537 3694 edificia,
568 3625 603 3684 et
632 3626 831 3685 tenementa
860 3622 977 3685 omnia
1005 3627 1040 3686 et
1069 3619 1214 3706 singula,
1245 3625 1349 3703 prout

234 3721 389 3804 prelatus
405 3722 449 3785 M.
468 3723 647 3787 Presidens
665 3725 709 3788 ad
726 3730 810 3789 tunc
825 3725 1027 3800 declarauit,
1044 3725 1171 3808 prefati
1187 3724 1349 3788 Canonici
1433 3723 1492 3771 The
1525 3788 1530 3799 ,

235 3830 269 3888 et
301 3825 519 3908 Prebendarij
554 3846 616 3910 pro
647 3828 861 3910 temporibus
894 3834 1099 3904 sustentare,
1131 3833 1347 3911 supportare,
1367 3791 1561 3906 pgpenbgiuagrles

234 3929 439 4005 reedificare,
474 3935 509 3993 et
542 3930 658 3994 debite
691 3951 848 4014 reparare
882 3932 924 3995 de
957 3933 1042 4015 Jure
1076 3953 1115 3996 ac
1148 3932 1256 4022 eciam
1289 3952 1350 4016 per
1403 3923 1522 4038 {gelffi

234 4039 369 4098 statuta
406 4035 571 4098 canonica
609 4040 644 4099 et
681 4036 950 4099 consuetudines
986 4035 1178 4100 laudabiles
1215 4036 1348 4119 prefate
1411 4056 1510 4119 repair.

234 4138 371 4203 ecclesie
417 4138 600 4224 Collegiate
647 4145 809 4204 tenentur
855 4146 890 4203 et
935 4140 1143 4224 obligantur.
1217 4140 1348 4204 Idcirco
1361 4123 1560 4238 Thgggpsrzhe
1591 4182 1593 4186 .

234 4243 388 4327 prelatus
412 4243 456 4306 M.
481 4242 659 4308 Presidens
683 4243 835 4327 Capituli
860 4244 1068 4309 auctoritate
1091 4265 1153 4308 sua
1177 4243 1349 4307 ordinaria
1389 4254 1534 4313 monition,

234 4367 296 4431 pro
323 4347 568 4411 reformacione
596 4349 841 4431 premissorum
869 4370 909 4412 ac
937 4348 1086 4412 remedio
1114 4353 1286 4432 oportuno
1312 4348 1348 4411 in

234 4451 361 4514 eisdem
382 4452 552 4527 habendo,
574 4452 786 4516 moniciones
806 4453 978 4538 legitimas
999 4452 1101 4517 dictis
1121 4451 1293 4516 canonicis
1313 4456 1348 4516 et

235 4555 475 4637 Prebendarijs
494 4556 647 4620 decreuit
666 4557 739 4622 fieri
757 4558 792 4621 in
812 4558 875 4622 hec
894 4559 1001 4622 verba
1016 4578 1069 4621 :—

1392 3183 1532 3248 requiring

306 4765 313 4787 ¹
332 4759 389 4808 MS.
404 4760 454 4808 has
469 4764 484 4781 ⁴⁴
496 4758 657 4808 noticiam.¹'

421 4871 459 4935 ¹9
