3392 5650
121 890 185 937 who
206 891 297 954 places

133 956 243 1005 himself
255 958 283 1005 in

325 694 388 760 180
610 696 687 760 Tur
713 694 868 759 Incrruv
894 693 1139 758 Manuscmer.

324 875 473 939 Thomas
504 876 538 939 in
570 874 670 958 plena
701 874 911 958 possessione
1140 872 1272 937 notorie
1303 873 1429 937 consti-

113 1022 158 1071 the
175 1024 264 1072 hands
281 1024 310 1072 or
324 986 432 1055 tutus,
462 979 504 1043 de
532 1000 671 1043 assensu
699 984 733 1042 et
762 998 928 1042 consensu
956 978 1122 1060 expressis
1151 977 1271 1062 Mag’ri
1298 977 1430 1042 Thome

120 1089 168 1137 the
179 1090 301 1154 Chapter

122 1156 189 1204 with
203 1158 300 1219 regard

131 1225 161 1271 to
174 1224 288 1286 pension

168 1293 199 1338 to
211 1290 253 1337 his

118 1357 300 1419 predecessor,

140 2445 195 2493 and
210 2444 276 2507 they

129 2510 220 2573 assign
233 2524 289 2572 4os.

122 2592 140 2626 a
154 2591 220 2640 year
236 2592 266 2625 as
281 2592 297 2625 a

154 2644 268 2706 retiring

147 2711 271 2774 pension.

325 1084 461 1168 patroni
489 1084 541 1148 sui
570 1083 713 1167 predicti
742 1088 845 1166 prout
872 1114 1046 1127 ---
1077 1102 1112 1145 se
1139 1082 1303 1147 vicariam
1330 1102 1430 1146 suam

323 1209 363 1252 ac
399 1188 531 1252 fructus
567 1187 721 1251 redditus
757 1193 790 1250 et
827 1192 1016 1270 proventus
1052 1186 1204 1250 eiusdem
1240 1206 1358 1251 omnes
1394 1192 1430 1250 et

323 1292 482 1377 singulos,
517 1292 641 1355 nostris
674 1290 883 1355 ordinacioni
922 1290 1119 1354 d-———
1158 1290 1294 1355 decreto
1333 1311 1429 1375 pure,

323 1403 456 1480 sponte,
484 1396 692 1480 simpliciter,
721 1402 755 1458 et
783 1394 940 1459 absolute
967 1395 1136 1459 submisit.
1184 1394 1324 1479 Nosque
1350 1395 1430 1459 sub-

322 1501 516 1565 missionem
562 1499 757 1564 huiusmodi
804 1505 1121 1582 accepta--—
1167 1505 1299 1563 statum
1345 1499 1430 1564 dieti

322 1605 394 1670 d'ni
412 1605 547 1669 Henrici
567 1605 699 1669 nullum
716 1604 784 1667 iam
802 1604 991 1668 obtinentis
1008 1603 1211 1668 heneficium
1228 1603 1431 1668 ecclesiasti-

322 1731 401 1775 cum
428 1730 488 1774 seu
515 1709 762 1793 patrimonium
790 1707 881 1772 vnde
909 1708 950 1772 de
978 1714 1091 1772 cetero
1118 1708 1234 1773 viuere

323 1814 516 1879 alimentari
538 1814 674 1878 oculum
696 1813 911 1877 reuoluentes
932 1833 974 1877 ne
995 1812 1086 1876 idem
1108 1812 1184 1877 d’ns
1206 1812 1374 1878 Henricus
1396 1813 1431 1877 in

324 1918 546 2002 obprobrium
568 1917 694 1981 ordinis
718 1916 880 1980 clericalis
904 1917 1009 1981 nimia
1031 1923 1236 2000 paupertate
1257 1954 1431 1962 ———

324 2028 475 2108 cogatur.
524 2021 809 2106 Comparantibus
854 2042 969 2086 coram
1013 2022 1112 2085 nobis
1156 2021 1298 2105 prelatis
1342 2022 1432 2086 d’nis

323 2128 456 2192 Thoma
480 2134 514 2191 et
540 2127 698 2200 Henric0,
725 2126 925 2209 vocatisque
950 2126 984 2189 in
1010 2147 1048 2190 ea
1074 2132 1172 2210 parte
1196 2126 1362 2191 vocandis
1386 2127 1432 2191 ad

323 2232 443 2298 ordina
690 2237 780 2295 certe
824 2231 993 2314 porcionis
1039 2230 1081 2294 de
1127 2231 1295 2295 fructibus
1340 2231 1432 2296 dicte

323 2337 448 2401 vicarie
469 2337 604 2420 prefato
625 2335 706 2399 d’no
729 2335 878 2400 Henrico
894 2335 1129 2410 ministrande,
1150 2336 1376 2419 processimus
1396 2343 1432 2400 et

323 2441 538 2525 procedimus
583 2441 617 2504 in
664 2441 754 2503 hunc
801 2439 944 2504 modum
990 2446 1024 2503 et
1074 2476 1249 2485 -—-
1294 2440 1432 2504 nomine

324 2546 495 2620 inuocat0,
526 2544 596 2608 Nos
625 2543 822 2627 Capitulum
851 2543 1044 2627 predictum
1073 2564 1114 2607 ex
1143 2545 1254 2608 causis
1282 2565 1342 2628 per
1369 2565 1433 2608 nos

324 2649 478 2733 superius
513 2648 694 2713 declaratis
728 2654 762 2711 et
798 2647 875 2730 alijs
909 2647 1069 2732 legitimis
1103 2669 1165 2712 nos
1199 2649 1431 2726 mouentibus,

325 2754 534 2830 ordinamus,
568 2752 791 2828 decernimus,
819 2758 860 2815 vet
894 2751 1116 2828 declaramus,
1151 2753 1245 2838 quod
1277 2753 1449 2838 prefatus-

326 2860 402 2924 d'ns
422 2859 590 2924 Henricus
609 2878 760 2923 annuam
779 2857 978 2941 pensionem
997 2857 1227 2942 quadraginta
1246 2858 1432 2923 solidorum

326 2964 368 3028 de
391 2964 484 3028 dicta
507 2962 634 3026 vicaria
657 2983 697 3026 ac
720 2961 899 3037 fructibus
924 2961 1124 3037 redditibus
1150 2968 1184 3026 et
1207 2963 1432 3045 prouentibus

326 3067 477 3132 eiusdem
504 3067 670 3150 percipiat
698 3072 732 3130 et
760 3066 887 3129 habeat
915 3065 1023 3129 donec
1051 3065 1153 3130 luerit
1180 3073 1359 3150 promotus
1387 3067 1432 3131 ad

325 3172 528 3236 beneficium
565 3176 724 3234 curatum
762 3169 888 3234 valoris
926 3169 1043 3234 decem
1081 3169 1244 3235 librarum
1294 3171 1349 3235 vel
1386 3172 1431 3236 ad

325 3276 455 3361 aliquid
476 3274 569 3339 aliud
590 3274 793 3339 beneficium
814 3295 883 3338 non
904 3280 1063 3338 curatum
1085 3274 1217 3359 dequo
1238 3281 1375 3359 reputet
1395 3296 1431 3340 se

324 3386 549 3455 contentum;
575 3378 728 3443 soluend.
755 3378 819 3441 sibi
845 3384 907 3443 aut
932 3399 994 3443 suo
1019 3380 1232 3462 procuratori
1257 3380 1312 3444 vel
1337 3387 1431 3445 certo
1466 3420 1468 3424 -

323 3490 502 3549 attumato
540 3484 575 3547 in
614 3482 753 3546 ecclesia
793 3481 979 3567 Collegiata
1018 3483 1172 3566 predicta
1211 3504 1271 3567 per
1308 3505 1431 3549 manus

323 3588 504 3671 Camerarij
536 3587 688 3651 eiusdem
716 3586 854 3651 ecclesie
881 3587 940 3670 qui
969 3607 1031 3670 pro
1060 3593 1214 3671 tempore
1243 3588 1356 3665 fuerit,
1386 3589 1431 3654 ad

321 3699 473 3778 quatuor
488 3693 568 3757 anni
585 3691 759 3766 terminos,
776 3690 936 3755 videlicet
953 3691 1019 3756 S’ci
1036 3692 1209 3756 Michaelis
1226 3693 1429 3778 archangeli,

323 3797 389 3863 S’ci
416 3797 546 3860 Thome
573 3795 730 3879 Apostoli
758 3801 839 3859 ante
868 3795 992 3860 Natale
1021 3797 1112 3872 D’ni,
1142 3796 1431 3863 Annunciacionis

322 3903 423 3966 beate
450 3901 554 3965 Marie
580 3900 738 3984 Virginis,
766 3905 801 3963 et
827 3899 1034 3964 Natiuitatis
1061 3900 1107 3963 b'i
1134 3900 1244 3983 Joh'is
1272 3902 1430 3986 Baptiste

322 4027 383 4090 per
412 4005 549 4089 equales
579 4004 764 4088 porciones
814 4004 928 4068 Primo
959 4025 1040 4068 vero
1071 4005 1217 4069 termino
1248 4006 1430 4071 solucionis

321 4110 505 4194 incipiente
526 4109 561 4172 in
583 4108 676 4172 dicto
698 4108 785 4172 festo
808 4108 874 4172 S'ci
896 4108 1069 4172 Michaelis
1090 4130 1186 4193 prox.
1210 4110 1329 4175 futuro
1350 4117 1429 4194 post

322 4214 393 4279 dat.
413 4213 635 4298 presencium.
684 4212 796 4296 Quam
813 4212 954 4296 quidem
972 4213 1171 4297 pensionem
1189 4213 1231 4278 de
1249 4215 1428 4291 fructibus

321 4318 522 4393 redditibus,
537 4323 581 4403 let
605 4316 830 4400 prouentibus
854 4316 1006 4381 eiusdem
1028 4317 1154 4381 vicarie
1177 4318 1332 4401 predicto
1355 4319 1430 4384 loco

321 4429 355 4487 et
401 4421 557 4486 terminis
600 4421 806 4505 supradictis
852 4421 933 4485 d’no
980 4422 1128 4486 Henrico
1169 4423 1350 4489 annuatim
1389 4430 1430 4488 vt

321 4527 490 4611 prefertur
526 4525 672 4589 fideliter
708 4524 970 4608 persoluendam
1007 4525 1142 4608 prefato
1181 4526 1261 4591 d'no
1298 4527 1430 4592 Thome

321 4631 449 4696 vicario
481 4629 606 4694 vicarie
639 4629 790 4713 predicte
823 4634 858 4692 et
891 4629 1140 4694 successoribus
1173 4631 1242 4695 suis
1274 4631 1332 4715 qui
1367 4653 1429 4716 pro

323 4743 477 4823 tempore
497 4734 624 4800 tuerint
645 4734 678 4800 in
699 4732 830 4806 eadem,
852 4732 967 4821 vigore
988 4738 1023 4797 et
1043 4733 1173 4802 virtute
1193 4736 1429 4805 submissionis
