3392 5650
312 715 375 797 238
597 718 676 782 Tine
701 718 858 783 Iuenna
884 721 1130 785 Mnuusenrer.

311 897 555 980 parochianam
573 904 727 962 nostram
745 898 870 983 Ripon'
889 920 930 962 ex
947 899 1055 963 altera
1071 906 1179 983 parte,
1197 899 1288 964 licite
1304 900 1419 965 valeas

310 1001 528 1075 solemnizare,
577 1009 693 1066 tenore
732 1004 945 1086 presencium
983 1003 1160 1068 licenciam
1201 1005 1419 1069 concedimus

311 1106 502 1189 specialem,
523 1107 551 1170 si
571 1107 711 1192 aliquod
730 1108 1017 1191 impedimentum
1037 1109 1240 1173 canonicum
1260 1130 1301 1173 ex
1322 1117 1419 1193 parte

311 1210 375 1273 viri
409 1232 477 1274 000
511 1212 668 1276 obsistat.
716 1212 802 1276 Cum
835 1233 877 1275 ex
911 1212 1083 1296 fidedigna
1116 1212 1283 1277 relacione
1316 1213 1420 1277 Will’i

312 1315 423 1390 Saule,
440 1316 596 1399 perpetui
611 1316 736 1399 Vicarij
755 1316 926 1400 prebende
942 1316 984 1380 de
999 1316 1195 1381 Gevendale
1210 1318 1420 1402 suscepimus

311 1419 405 1503 quod
438 1420 608 1485 dictarum
641 1421 795 1504 parcium
828 1421 952 1485 bannis
985 1442 1044 1505 per
1076 1422 1189 1505 ipsum
1223 1422 1313 1486 trina
1345 1422 1420 1486 vice

311 1523 461 1608 legitime
488 1531 523 1589 et
550 1525 736 1589 solenniter
763 1525 875 1599 editis,
904 1525 1037 1589 nullum
1065 1526 1350 1610 impedimentum
1378 1548 1420 1591 ex

312 1636 409 1712 parte
427 1629 577 1693 mulieris
594 1630 775 1694 inuentum
793 1636 845 1693 est
863 1630 946 1713 quin
964 1629 1114 1714 legitime
1133 1636 1167 1694 et
1184 1631 1420 1696 matrimonia-

311 1732 389 1796 liter
407 1734 599 1798 adinuieem
617 1740 781 1818 poterunt
799 1733 951 1817 copulari
969 1754 975 1809 ;
1001 1734 1084 1816 Jure
1105 1786 1111 1799 .
1134 1786 1140 1799 .
1163 1786 1169 1799 .
1189 1734 1293 1799 saluis
1315 1736 1364 1819 (as
1382 1736 1420 1799 in

313 1838 376 1902 No.
401 1840 490 1921 331).
539 1839 579 1902 In
602 1860 630 1902 c.
656 1859 681 1903 r.
707 1844 731 1902 t.
759 1890 765 1902 .
792 1890 799 1902 .
826 1890 832 1902 .
858 1839 1080 1922 apposuimus
1107 1840 1155 1920 (as
1178 1839 1215 1903 in
1239 1839 1303 1904 No,
1329 1841 1417 1921 332).

313 1943 394 2007 Dat.
417 1943 451 2007 in
472 1943 526 2007 do
548 1942 623 2007 n'ra
644 1942 700 2006 Ca.
724 1942 849 2026 Ripon'
872 1943 1014 2026 predict.
1036 1943 1198 2007 vicesimo
1219 1950 1344 2028 quarto
1365 1944 1420 2008 die

312 2048 437 2111 mensis
465 2049 605 2113 Octobr.
635 2047 736 2111 Anno
765 2047 845 2112 D’ni
876 2047 1053 2111 Millesimo
1081 2048 1420 2132 quadringentesimo

312 2152 523 2237 sexagesimo
541 2152 699 2236 septimo

314 2335 401 2418 (337)
435 2333 665 2398 Aueromms
696 2349 932 2397 runrrreuunr
964 2349 1157 2396 Murrannu
1188 2350 1227 2396 ru
1259 2348 1419 2397 caparra

356 2455 557 2503 romusecn
581 2456 629 2502 on
653 2438 867 2503 Tuonurou.

400 2592 456 2659 Ca.
487 2593 566 2658 eccl.
597 2593 678 2657 Coll.
709 2595 742 2657 b.
772 2592 881 2657 Wilfr.
913 2592 1037 2675 Ripon'
1069 2592 1162 2675 Joh'i
1192 2592 1347 2656 Kendale
1376 2593 1418 2657 de

247 2698 252 2708 '
313 2698 534 2773 Raventolte,
574 2698 761 2781 capellano
802 2697 959 2761 salutem.
1007 2697 1054 2761 Vt
1092 2695 1237 2760 Aliciam
1276 2717 1419 2760 vxorem

147 3039 252 3103 Bishop

122 3106 275 3155 Thornton.

311 2803 421 2887 Joh'is
448 2802 653 2868 Whelhouse
681 2802 723 2866 de
747 2801 1038 2877 Thomtonwodd,
1064 2800 1419 2886 parochie·prebende

311 2908 353 2972 de
382 2908 546 2992 Stodelay
575 2908 610 2972 in
640 2907 718 2972 eccl.
750 2907 824 2972 n'ra
847 2907 1013 2990 predicta,
1038 2912 1117 2990 post
1146 2913 1286 2990 partum
1316 2906 1419 2990 prolis

311 3013 486 3077 ecclesiam
523 3012 660 3097 aggredi
690 3011 875 3086 volentem,
908 3011 943 3074 10
969 3010 1143 3094 Capellam
1175 3010 1217 3074 de
1240 3010 1419 3098 Thomton

311 3118 468 3201 recipere,
488 3117 586 3200 eique
607 3115 870 3180 sacramentalia
891 3115 1085 3179 ministrare
1106 3115 1198 3178 licite
1217 3114 1333 3179 valeas
1355 3116 1420 3179 hac

311 3223 395 3296 vice,
413 3222 590 3286 licenciam
609 3227 726 3284 tenore
742 3221 956 3304 presencium
973 3219 1037 3284 tibi
1053 3219 1272 3284 concedimus
1291 3220 1419 3303 specia-

310 3327 387 3392 lem.
435 3327 518 3410 Jure
546 3377 553 3391 .
583 3376 590 3390 .
619 3377 627 3390 .
654 3325 758 3389 saluis
787 3325 836 3407 (as
862 3324 899 3389 in
927 3324 990 3388 Nn.
1019 3325 1108 3407 331).
1156 3324 1237 3388 Dat.
1265 3326 1330 3388 sub
1357 3325 1416 3408 sig.

310 3431 419 3515 Officij
459 3429 687 3512 Commissarij
725 3428 790 3493 n'ri
825 3429 860 3493 in
896 3428 984 3492 testo
1020 3429 1086 3493 S'ci
1122 3428 1235 3493 Nich’i
1270 3428 1348 3512 Ep’i
1384 3434 1419 3491 et

311 3535 528 3609 0001055005,
548 3534 650 3598 Αο00
668 3533 749 3597 Ι)’01
769 3532 947 3597 Millesimo
965 3532 1304 3617 quadringentesimo
1322 3552 1418 3596 sexa-

310 3641 438 3726 gesimo
457 3639 614 3723 septimo.
741 3679 746 3684 -

312 3820 400 3905 (338)
433 3820 663 3884 Aueronrrus
693 3834 929 3882 Punrrrcuunr
961 3833 1153 3881 numerian
1184 3833 1223 3880 iu
1254 3815 1419 3880 CAPELLA

355 3941 555 3990 ronrusaen
575 3939 624 3986 An
646 3938 789 3985 norrun
811 3937 1091 3985 occrnaururrsu
1114 3921 1345 4000 MounsrnruJ
1370 3938 1418 3984 nn

354 4032 550 4094 Fourrnus

397 4171 454 4236 Ca.
477 4169 555 4235 eccl.
578 4168 659 4233 Coll.
683 4168 807 4251 Ripon’
830 4167 955 4231 dilecto
975 4167 1074 4231 nobis
1095 4167 1130 4230 in
1151 4167 1233 4250 Xpo
1253 4167 1418 4231 confratri

310 4277 459 4343 Will'mo
473 4275 564 4348 Sam,
579 4271 775 4355 Monasterij
792 4271 866 4336 S'ee
880 4270 985 4334 Marie
998 4270 1040 4334 de
1054 4271 1223 4335 Fontibus
1237 4270 1417 4346 Monoch0,

310 4380 470 4467 Janitori,
497 4378 654 4443 salutem.
702 4377 749 4441 Vt
775 4375 922 4440 Aliciam
946 4395 1089 4438 vxorem
1116 4374 1227 4458 Joh’is
1253 4375 1349 4440 West
1376 4375 1419 4439 de

308 4485 460 4559 Warsell,
482 4482 726 4567 parochianam
747 4479 918 4564 prebende
939 4479 981 4543 de
1002 4479 1163 4562 Nunwyk
1184 4479 1219 4544 in
1240 4479 1321 4544 eccl.
1343 4480 1418 4543 n’ra

308 4591 473 4677 predicta,
498 4592 576 4671 post
601 4591 740 4670 partum
764 4583 867 4668 prolis
891 4582 1043 4647 eccl’iam
1067 4583 1205 4668 aggredi
1229 4583 1416 4657 volentem,

308 4698 342 4761 in
372 4693 545 4777 Capellam
576 4690 649 4754 S'ce
679 4689 784 4752 Marie
814 4688 859 4752 ad
888 4695 1026 4771 portam
1055 4687 1304 4751 occidentalem
1334 4687 1418 4751 dicti

309 4796 505 4881 Monasterij
538 4795 706 4860 situatam
736 4793 895 4876 recipere,
927 4791 1106 4877 eidemque
1136 4798 1354 4857 sacramenta
1383 4801 1417 4857 et
