3392 5650
637 715 730 779 Acrs
754 732 799 779 or
823 714 1002 780 Cnaprnn.
1316 730 1377 795 125

265 896 632 961 excommunicacionis
654 896 829 959 sentencia
851 915 957 978 quam
980 895 1115 958 racione
1137 894 1377 978 occupacionis

265 1002 476 1066 detencionis
510 1008 544 1065 et
580 1000 905 1083 impedimentorum
940 999 1172 1083 predictorum
1207 1000 1376 1083 dampna·

265 1106 379 1170 biliter
413 1107 619 1179 incurrebat,
656 1104 830 1168 humiliter
864 1104 969 1187 pecijt
1005 1124 1039 1166 se
1075 1104 1217 1168 absolui.
1265 1104 1375 1177 Vnde,

265 1211 410 1295 prestita
451 1210 632 1274 sufficienti
674 1210 835 1273 caucione
878 1208 919 1271 de
960 1208 1198 1272 satisfaccione
1240 1208 1376 1272 realiter

265 1316 462 1399 prestanda,
475 1315 588 1379 dictus
598 1314 863 1397 penitenciarius
874 1320 908 1377 et
919 1313 1172 1377 commissarius
1182 1313 1375 1395 predictum

267 1420 439 1504 Rogerum
462 1441 483 1483 a
505 1419 598 1482 dicta
621 1418 988 1481 excommunicacionis
1010 1418 1184 1482 sentencia
1207 1419 1241 1481 in
1265 1418 1376 1481 forma

266 1524 347 1588 iuris
383 1523 542 1588 absoluit.
591 1524 636 1586 Et
673 1522 822 1586 iniunxit
858 1522 968 1585 eidem
1006 1522 1139 1606 Rogero
1175 1523 1209 1585 in
1245 1522 1375 1587 virtute

266 1628 449 1692 iuramenti
469 1628 503 1691 in
523 1628 587 1690 hae
606 1632 704 1709 parte
724 1626 869 1709 prestiti,
889 1625 983 1709 quod
1003 1626 1044 1689 de
1063 1633 1176 1690 cetero
1196 1628 1240 1690 ab
1260 1627 1375 1690 huius·
1498 1661 1502 1666 -

266 1732 359 1795 modi
397 1732 590 1796 excessibus
627 1751 662 1794 se
699 1731 883 1804 abstineat,
922 1737 956 1793 et
994 1751 1051 1793 eos
1088 1731 1122 1794 in
1160 1731 1265 1795 futur'
1305 1752 1374 1795 non

266 1836 475 1911 committat,
509 1836 671 1920 quodque
703 1855 765 1918 pro
797 1835 978 1898 commisso
1011 1835 1096 1899 duos
1128 1856 1242 1899 cereos
1274 1836 1375 1900 unius

266 1941 342 2005 libri
355 1941 400 2005 ad
412 1962 576 2025 magnum
589 1941 696 2005 altare
709 1940 846 2003 ecclesie
859 1939 1010 2023 predicte
1023 1940 1145 2003 offerat
1158 1945 1192 2003 et
1206 1940 1372 2005 dimittat.

503 2094 590 2177 (198)
622 2094 872 2174 (Presentation
897 2101 934 2157 to
958 2093 1137 2177 Chantry).

266 2336 434 2394 terrarum
458 2329 528 2393 d’ni
554 2328 693 2391 Will'mi
718 2328 910 2412 Ynggelby,
936 2328 1063 2403 militis,
1089 2336 1374 2411 presentauerunt

266 2434 361 2498 d’nm
393 2434 588 2517 Johannem
618 2433 762 2516 Amclyf
792 2432 836 2496 ad
867 2432 1065 2496 Cantariam
1096 2434 1130 2496 in
1160 2433 1291 2516 capella
1321 2435 1373 2498 be.

267 2540 371 2603 Marie
392 2540 527 2623 Rypon'
548 2538 701 2621 capitulo
720 2538 869 2601 Ecclesia
889 2537 1072 2621 Collegiate
1092 2537 1228 2620 Ripon’.

770 2694 870 2775 (00)1

355 2825 444 2900 Item
465 2825 500 2888 in
521 2825 609 2889 festo
631 2824 696 2888 S'ci
717 2822 886 2887 Theodori
908 2822 1067 2897 Martiris,
1090 2821 1239 2887 Thomas
1260 2824 1374 2899 Onne,

265 2930 421 2994 Vicarius
438 2929 575 2993 ecclesie
593 2928 635 2992 de
652 2929 954 3002 Famham,¹‘vnus
967 2928 1185 2993 feofiatorum
1204 2929 1287 2993 dicti
1305 2929 1376 2993 d’ni

266 3034 405 3098 Will’mi
429 3033 586 3097 exhibuit
610 3033 821 3116 presenciam
845 3052 954 3106 suam,
979 3031 1200 3096 certificando
1223 3033 1375 3116 capitulo

265 3138 307 3202 de
337 3139 401 3202 sibi
430 3145 514 3202 nota
543 3137 727 3201 vacacione
756 3136 909 3200 cantarie
938 3136 1100 3219 predicte,
1131 3137 1290 3202 videlicet
1321 3138 1375 3202 die

266 3242 362 3306 Lune
380 3242 537 3326 proximo
556 3247 636 3305 ante
656 3241 783 3304 festum
803 3240 868 3304 S’ci
888 3240 1087 3304 Michaelis.²

417 3397 504 3478 (200)
524 3396 581 3459 An
597 3402 688 3478 entra
706 3395 739 3476 of
756 3413 795 3474 13
812 3395 908 3469 lines,
927 3395 1085 3477 curefullp
1102 3395 1222 3460 erased.

408 3552 509 3634 (201).
538 3552 643 3633 (Oath
667 3550 703 3613 of
720 3550 904 3614 obedience
923 3557 960 3613 to
978 3551 1037 3613 the
1055 3549 1229 3634 Chapter).

1437 2833 1501 2892 1358
1515 2831 1543 2878 ?¹

1433 2898 1503 2946 Nov.
1519 2911 1543 2956 0.

353 3680 404 3743 Ye
426 3680 544 3743 shalbe
566 3685 650 3742 trew
672 3679 740 3742 and
763 3685 846 3742 trew
868 3679 995 3762 mynde
1017 3681 1102 3763 beyr
1123 3687 1160 3744 to
1182 3682 1251 3745 this
1275 3681 1373 3766 Kyrk
1464 3717 1493 3764 ..³
1516 3710 1533 3750 ,ι

263 3784 332 3848 and
353 3783 496 3868 Capitur
516 3783 701 3847 obbedient
723 3791 760 3847 to
781 3785 839 3847 the
862 3784 1093 3848 Residenciari
1113 3785 1193 3848 And
1214 3785 1373 3850 Chanons

262 3890 340 3952 ther
358 3895 508 3971 secretys
528 3888 647 3971 trewly
668 3888 759 3971 keyp
778 3888 927 3972 deligent
948 3889 982 3951 in
1004 3889 1175 3973 fulfylyng
1195 3890 1230 3953 ol
1249 3891 1294 3954 all
1315 3892 1373 3955 the

262 3994 400 4077 cherges
418 3993 613 4076 belongyng
632 3998 669 4055 to
687 4007 745 4075 yor
764 3992 869 4056 office.

262 4165 302 4233 55
323 4175 353 4218 v.
406 4148 493 4231 (202)
525 4147 650 4230 (Royal
678 4147 779 4211 letter
801 4148 1017 4232 authorizing
1039 4169 1083 4212 an
1106 4119 1320 4234 exchange).'

351 4277 529 4352 Ricardus,
556 4277 619 4340 Dei
644 4276 758 4361 gracia
784 4277 859 4340 Rex
884 4276 1004 4361 Anglie
1029 4284 1063 4341 et
1090 4278 1210 4342 Franc'
1237 4285 1271 4344 et
1296 4280 1373 4344 d’ns

262 4381 436 4457 Hibemie,
452 4382 585 4446 dilectis
599 4381 663 4444 sibi
678 4381 713 4444 in
728 4401 797 4464 xpo
811 4380 971 4465 Capitulo
986 4381 1160 4466 Collegiat’
1177 4383 1219 4446 de
1235 4384 1372 4468 Rypon,

261 4486 419 4551 salutem.
482 4485 568 4550 Cum
606 4485 721 4550 dilecti
760 4486 858 4556 nobis
905 4486 1077 4550 Robertus
1122 4487 1164 4550 de
1210 4487 1371 4565 Manteld,

332 4656 339 4678 ¹
360 4651 501 4714 Probably
515 4651 655 4699 Farnham
669 4665 735 4699 near
751 4651 994 4713 Knaresborough.

330 4747 341 4767 ²
358 4742 417 4789 The
430 4741 540 4802 writing
553 4741 582 4789 of
602 4741 679 4788 these
693 4746 749 4788 two
762 4741 863 4788 entries
878 4742 932 4790 and
947 4741 976 4788 of
990 4741 1041 4790 No.
1064 4755 1115 4789 200
1134 4757 1221 4791 seems
1242 4748 1272 4792 to
1292 4746 1325 4792 he
1345 4747 1374 4795 ot

259 4822 307 4871 the
320 4836 397 4871 same
407 4823 473 4871 date
487 4836 517 4870 as
531 4821 594 4870 that
607 4821 636 4868 oi
650 4821 701 4868 No.
720 4834 776 4882 197.
