3392 5650
691 657 922 724 CAnrumnr.
1323 677 1365 744 79

251 840 285 905 h.
313 860 346 923 p.
374 860 402 904 c.
429 860 475 904 m.
502 839 592 904 conf.
620 839 720 903 altari
748 840 800 903 be.
828 838 976 923 Virginis
1003 839 1038 903 in
1064 838 1179 903 eccl'ia
1207 839 1269 922 (37)
1298 839 1365 904 S'ci

252 944 361 1009 Wilfr.
390 944 468 1027 Rip.
496 949 531 1007 et
557 943 754 1007 Alexandro
780 943 822 1007 de
849 943 1067 1027 Seterington
1094 943 1278 1027 Capellano
1303 965 1366 1028 pro

251 1049 404 1133 quadam
421 1069 557 1114 summa
575 1048 717 1131 pecunie
734 1068 841 1131 quam
858 1047 964 1112 habui
982 1067 1041 1130 pre
1059 1048 1219 1113 manibus
1235 1048 1271 1112 in
1288 1069 1365 1112 meo

251 1153 403 1238 negoci0,
433 1153 517 1218 illud
545 1153 759 1236 mesuagium
787 1151 821 1215 in
853 1151 1023 1237 Skellegat
1051 1152 1085 1215 in
1115 1152 1197 1217 villa
1226 1152 1363 1236 Ripon',

251 1258 345 1342 quod
371 1258 460 1323 iacet
486 1258 577 1321 inter
607 1278 757 1341 mesuag.
784 1257 876 1320 Petri
909 1257 1017 1339 patris
1048 1257 1115 1321 mei
1146 1263 1181 1321 et
1213 1278 1363 1342 mesuag.

250 1363 428 1446 quondam
457 1362 521 1426 Ad.
552 1362 720 1437 tinctoris,
750 1361 931 1426 continens
959 1362 994 1425 in
1022 1382 1057 1425 se
1086 1361 1121 1425 in
1150 1362 1364 1447 longitudine

249 1468 285 1531 xl
312 1473 347 1530 et
373 1466 432 1550 viij
461 1467 575 1550 pedes,
603 1472 638 1529 et
665 1466 811 1530 totidem
838 1466 941 1549 pedes
968 1465 1002 1530 in
1028 1466 1222 1531 latitudine.
1272 1468 1362 1532 Hab.

250 1577 285 1635 et
298 1577 368 1636 ten.
383 1571 477 1654 pred.
492 1570 603 1635 Altari
616 1572 648 1635 b.
664 1571 703 1635 V.
720 1571 764 1635 M.
779 1569 976 1634 Alexandro
988 1576 1023 1633 et
1036 1590 1125 1634 succ.
1139 1591 1164 1635 s.
1179 1571 1364 1654 capellanis

249 1676 378 1740 ibidem
401 1675 654 1740 celebrantibus
676 1674 805 1749 diuina,
828 1675 870 1738 de
892 1695 946 1738 me
967 1680 1002 1738 et
1023 1676 1092 1739 her.
1111 1696 1156 1739 m.
1179 1675 1212 1739 li.
1235 1682 1270 1739 et
1291 1678 1361 1760 qui.

251 1782 337 1844 bene
360 1787 395 1844 et
417 1781 453 1845 in
475 1800 560 1863 pace
582 1780 617 1844 in
640 1800 734 1863 perp.
780 1779 890 1843 Redd.
909 1779 988 1843 inde
1006 1780 1187 1843 annuatim
1203 1780 1306 1845 michi
1329 1788 1363 1845 et

252 1886 321 1949 her.
344 1906 389 1949 m.
412 1885 508 1968 viijd.
532 1884 674 1969 argenti,
696 1890 848 1968 quatuor
868 1904 912 1947 sc.
936 1883 1012 1947 den.
1035 1884 1080 1948 ad
1102 1884 1198 1949 Pent.
1222 1891 1256 1948 et
1277 1885 1361 1969 iiijd.

252 1990 296 2054 ad
321 1990 344 2054 i.
372 1990 403 2054 S.
431 1990 475 2053 M.
502 1995 537 2052 et
562 2009 624 2072 pro
649 2009 739 2053 omn.
766 1988 1084 2064 consuetudinibus,
1110 1990 1361 2067 exaccionibus,

251 2100 286 2157 et
303 2094 493 2169 demandis,
513 2099 547 2156 et
565 2095 666 2157 rebus
684 2093 758 2157 aliis
774 2092 810 2156 in
827 2092 968 2157 mundo.
1017 2093 1091 2178 Ego
1108 2113 1190 2157 vero
1207 2114 1359 2177 prenom.

250 2196 339 2263 Gilb.
367 2198 496 2262 ether.
524 2219 569 2262 m.
596 2198 729 2261 dictum
754 2217 835 2261 mes.
863 2197 1026 2280 predictis
1051 2196 1161 2262 Altari
1187 2200 1219 2263 b.
1247 2200 1287 2264 V.
1315 2200 1359 2265 M.

249 2308 284 2366 et
311 2302 507 2367 Alexandro
534 2308 569 2365 et
595 2322 684 2366 succ.
713 2322 738 2365 s.
767 2301 952 2384 capellanis
978 2301 1106 2366 ibidem
1133 2302 1251 2367 diuina
1278 2304 1362 2369 cele-

249 2408 430 2472 brantibus
448 2412 570 2472 contra
586 2428 677 2470 omn.
696 2407 788 2470 hom.
806 2426 886 2470 war.
907 2426 981 2489 aeq.
1000 2412 1034 2469 et
1053 2406 1120 2471 dei.
1170 2408 1220 2473 In.
1238 2430 1266 2473 c.
1287 2430 1312 2474 r.
1334 2416 1358 2475 t.

248 2512 328 2576 huic
342 2517 436 2576 carte
449 2512 599 2595 presenti
614 2512 673 2595 sig.
690 2532 735 2575 m.
752 2510 907 2594 apposui.
956 2511 1000 2575 H.
1017 2516 1041 2575 t.
1059 2510 1184 2593 Joh'ne
1198 2513 1240 2577 de
1255 2514 1359 2589 Ebor,

250 2615 379 2680 Rob’to
410 2616 665 2699 Dispensatore,
699 2615 811 2678 Rob’o
842 2614 981 2697 Elykin,
1013 2614 1126 2679 Will’o
1157 2616 1358 2701 Costentyn,

248 2720 352 2785 Walt'
385 2720 427 2784 de
459 2720 613 2794 Rowclii,
646 2720 782 2784 Simone
813 2719 993 2795 seruiente,
1026 2717 1114 2784 Gilb.
1149 2721 1236 2797 Rok,
1269 2721 1357 2788 Gilb.

249 2825 413 2901 Burman,
435 2826 576 2909 Stheph.
598 2825 780 2899 Tanatore,
801 2830 835 2888 et
855 2824 974 2888 multis
993 2825 1076 2890 aliis

796 3014 898 3099 (118).

335 3157 386 3222 Sc.
416 3163 489 3221 tam
516 3177 566 3240 pr.
595 3177 700 3240 quam
729 3156 792 3220 fut.
821 3154 915 3238 quod
943 3175 1005 3239 ego
1032 3154 1105 3220 Ric.
1134 3156 1179 3221 fil.
1209 3157 1282 3223 Nic.
1311 3159 1356 3224 fil.
1420 3176 1519 3224 c-12..

247 3261 347 3326 Duue
374 3262 416 3326 de
444 3261 570 3345 Ripon’
598 3260 753 3325 caritatis
781 3259 911 3323 intuitu
938 3265 973 3322 et
1000 3279 1062 3342 pro
1088 3281 1136 3325 sa.
1166 3282 1220 3327 an.
1249 3284 1294 3328 m.
1324 3271 1358 3328 et

246 3373 357 3431 antec.
383 3387 429 3431 m.
456 3366 546 3441 dedi,
572 3386 666 3430 conc.
693 3365 785 3428 eth.
813 3385 846 3448 p.
873 3386 901 3428 c.
928 3385 973 3428 m.
1000 3365 1089 3429 conf.
1117 3365 1191 3430 Deo
1216 3374 1250 3431 et
1276 3370 1355 3434 eccl.

245 3470 311 3535 S'ci
339 3471 448 3536 Wilfr.
478 3470 603 3554 Ripon’
633 3470 667 3533 in
695 3490 770 3553 pur.
800 3475 834 3532 et
858 3489 952 3552 perp.
979 3469 1032 3544 el.,
1057 3470 1231 3536 redditum
1259 3473 1355 3540 duor.

245 3575 321 3640 den.
354 3595 441 3659 quos
472 3575 580 3640 Will’s
611 3575 653 3638 (16
686 3574 842 3638 Masham
873 3572 1070 3656 capellanus
1101 3575 1204 3639 michi
1236 3578 1357 3643 debuit

247 3680 428 3745 annuatim
453 3699 515 3763 pro
540 3679 663 3743 semita
688 3677 848 3742 habenda
874 3698 934 3761 per
958 3682 1085 3742 terram
1111 3700 1224 3745 meam
1249 3703 1357 3768 vsque

246 3805 373 3869 aquam
392 3784 434 3848 de
453 3784 542 3858 Skel,
561 3804 606 3847 sc.
626 3803 735 3846 vnum
753 3782 830 3846 den.
851 3781 895 3846 ad
914 3781 1012 3846 Pent.
1032 3788 1067 3845 et
1084 3782 1132 3866 jd.
1153 3785 1197 3849 ad
1215 3786 1237 3850 1.
1259 3787 1290 3851 S.
1312 3789 1356 3853 M.

245 3889 292 3952 Et
315 3889 408 3953 redd.
433 3887 481 3971 jd.
506 3888 548 3951 de
571 3887 674 3952 Walt.
700 3887 742 3951 de
764 3886 922 3970 Westgat
945 3886 1151 3970 percipiend.
1177 3892 1358 3957 annuatim

244 3993 279 4057 in
312 3993 366 4057 die
398 3992 514 4057 Natal.
548 3992 629 4056 D’ni
663 3991 705 4055 (16
741 3997 832 4055 terra
866 3991 999 4054 iacente
1033 3991 1069 4055 in
1104 3994 1224 4058 boriali
1259 4003 1359 4079 parte

245 4097 383 4182 Ripon’,
404 4117 508 4182 quem
528 4102 628 4180 pater
647 4116 744 4160 meus
764 4095 793 4158 61
814 4094 954 4159 dimisit.
1003 4095 1050 4158 Et
1069 4096 1117 4179 jd.
1140 4119 1295 4165 annuum
1315 4102 1357 4166 de

245 4201 318 4266 Ric.
339 4201 381 4265 de
405 4201 597 4265 Couerham
621 4200 828 4284 percipiend.
849 4199 883 4262 in
909 4198 963 4262 die
988 4198 1103 4266 Natal.
1130 4202 1210 4267 D'ni
1229 4206 1355 4288 prodi.

243 4327 322 4371 acra
339 4311 427 4369 terre
444 4306 478 4369 in
495 4305 616 4369 boriali
633 4311 731 4388 parte
748 4304 827 4368 ville
843 4326 949 4389 quam
967 4326 1029 4391 ego
1045 4305 1075 4369 ei
1092 4306 1214 4372 dimisi.
1264 4311 1354 4376 Hab.

242 4417 277 4474 et
301 4417 370 4476 ten.
396 4410 440 4474 ad
464 4410 763 4475 aumentacionem
786 4409 925 4474 luminis
949 4411 1047 4475 altar'
1072 4412 1105 4475 b.
1132 4412 1175 4476 M.
1202 4413 1236 4477 in
1259 4416 1353 4498 pred.

242 4516 392 4580 ecclesia.
441 4515 515 4600 Ego
530 4535 612 4578 vero
628 4514 701 4578 Ric.
719 4515 838 4579 ether.
856 4536 901 4579 m.
919 4515 1012 4598 pred.
1030 4516 1185 4581 redditus
1200 4538 1353 4601 prenom.

241 4620 362 4691 lumini
389 4639 468 4684 war.
496 4620 532 4684 in
558 4639 652 4703 perp.
713 4619 753 4682 In
780 4619 882 4684 huius
908 4626 1026 4684 autem
1052 4620 1099 4684 rei
1127 4627 1205 4686 test.
1237 4623 1288 4706 (37
1308 4625 1353 4707 v.)

242 4726 274 4793 h.
296 4745 358 4789 scr.
380 4724 440 4810 sig.
462 4744 507 4789 m.
530 4723 685 4811 apposui.
734 4723 777 4789 H.
800 4729 825 4789 t.
849 4724 986 4809 Mag'ris
1007 4725 1107 4792 Laur.
1129 4726 1171 4790 de
1191 4727 1326 4813 Topclif
1347 4783 1354 4804 ‚
