3392 5650
321 682 385 749 254
607 667 686 731 Tne
711 667 868 732 Iucrrssr
893 669 1139 735 Mnuuscnrpr.

322 847 410 929 (351)
443 846 580 911 erann
603 864 880 911 rrsrruournrrs
905 864 1019 912 supra
1043 865 1318 913 carssnncroua
1342 866 1431 912 unr-

365 969 512 1031 muoruJ
542 968 652 1016 rura-n
683 951 843 1015 Tnounu
876 951 1108 1017 Wnrranrou
1141 970 1186 1016 rr
1217 954 1430 1017 Mnmonmu

364 1055 497 1121 Proor.

409 1199 606 1282 Capitulum
644 1201 735 1264 Eccl.
767 1201 849 1265 Coll.
881 1203 1062 1265 beatorum
1094 1202 1187 1266 Petri
1218 1209 1252 1266 et
1283 1202 1430 1267 Wiliridi

322 1303 458 1387 Ripon’,
499 1304 601 1368 Ebor.
640 1304 738 1378 dioc,
775 1305 942 1369 vniuersis
977 1306 1036 1388 xpi
1071 1305 1228 1370 fidelibus
1264 1307 1308 1371 ad
1343 1328 1430 1391 quos

319 1415 493 1491 presentes
505 1408 601 1472 litere
612 1416 727 1473 nostre
738 1410 985 1474 testimoniales
995 1412 1223 1493 peruenerint,
1236 1411 1384 1476 salutem
1394 1413 1429 1476 in

318 1512 409 1576 D'no
419 1513 673 1596 sempiternam.
706 1514 792 1577 Cum
802 1514 848 1577 sit
858 1515 964 1597 pium,
977 1515 1159 1590 laudabile,
1172 1522 1206 1579 et
1217 1516 1430 1580 meritorium

317 1618 500 1701 vnicuique
524 1617 760 1681 testimonium
784 1619 924 1682 veritati
948 1619 1135 1702 perhibere,
1160 1625 1195 1682 et
1219 1620 1369 1683 maxime
1392 1621 1428 1683 in

316 1722 384 1806 hijs
418 1743 485 1806 que
520 1723 565 1786 ad
600 1742 730 1786 meram
766 1724 959 1787 animarum
995 1724 1054 1806 xpi
1090 1724 1242 1788 fidelium
1278 1725 1427 1788 salutem

316 1833 474 1910 spectant
508 1827 700 1902 manifeste,
735 1828 814 1891 hinc
847 1834 898 1890 est
932 1828 1026 1911 quod
1059 1828 1277 1893 vniuersitati
1310 1835 1424 1892 vestre

315 1931 560 1995 innotescimus
603 1951 663 2014 per
705 1938 889 2014 presentes
937 1932 1025 2016 Quia
1068 1952 1110 1996 ex
1153 1940 1252 2017 parte
1295 1933 1427 1997 Thome

316 2035 514 2100 Watterton
535 2035 593 2118 filij
619 2041 653 2098 et
675 2036 807 2099 heredis
828 2036 899 2099 d’ni
923 2036 1041 2100 Rob’ti
1062 2036 1272 2113 Watterton,
1295 2038 1425 2113 militis,

316 2139 399 2203 dicti
431 2141 534 2204 Ebor.
569 2140 711 2203 diocesis
742 2140 784 2204 de
817 2141 851 2204 in
884 2146 918 2203 et
950 2161 1053 2224 super
1084 2142 1305 2206 Matrimonio
1337 2143 1428 2206 inter

316 2244 489 2327 prefatum
506 2244 676 2308 Thomam
692 2244 891 2309 Watterton
908 2250 942 2308 et
961 2245 1157 2309 Marioriam
1175 2246 1304 2330 Pygott
1321 2246 1428 2310 filiam

315 2355 350 2412 et
368 2369 473 2412 vnam
491 2348 651 2412 heredem
671 2348 801 2412 Thome
821 2349 951 2433 Pygott
969 2349 1127 2433 armigeri
1145 2370 1255 2433 nuper
1272 2350 1427 2415 defuncti

315 2453 572 2535 solempnizato,
588 2453 786 2537 diligentem
799 2453 941 2517 fecimus
955 2454 1226 2538 inquisicionem,
1246 2475 1306 2537 per
1321 2475 1428 2538 quam

314 2557 454 2641 quidem
470 2557 730 2641 inquisicionem
745 2557 940 2621 inuenimus
957 2558 1215 2622 Matrimonium
1231 2552 1428 2623 huiusmodi

315 2663 418 2726 fuisse
451 2669 486 2726 et
520 2682 591 2725 esse
624 2662 714 2725 inter
747 2662 922 2745 prefatum
955 2663 1125 2726 Thomam
1159 2663 1358 2728 Watterton
1393 2670 1428 2728 et

316 2766 511 2831 Marioriam
544 2767 674 2851 Pygott
707 2767 742 2830 in
775 2766 866 2831 Eccl.
902 2766 1089 2852 Collegiata
1121 2773 1240 2832 nostra
1272 2769 1428 2853 predicta

315 2872 467 2956 quadam
482 2872 537 2935 die
553 2872 680 2935 mensis
696 2872 775 2954 Maij
794 2872 879 2935 hora
893 2873 992 2956 quasi
1007 2872 1140 2936 decima
1155 2879 1236 2937 ante
1251 2874 1428 2937 meridiem

315 2977 467 3040 eiusdem
489 2976 566 3051 diei,
585 2997 676 3039 anno
693 2977 786 3060 regni
810 2977 913 3060 Regis
936 2976 1075 3040 Henrici
1098 2977 1243 3060 Septimi
1265 2978 1428 3042 vicesimo

316 3082 431 3155 tercio,
449 3102 510 3164 per
526 3080 751 3144 reuerendum
766 3081 801 3143 in
819 3102 888 3165 xpo
908 3086 1043 3164 patrem
1063 3081 1159 3145 d’nm
1179 3082 1330 3163 Joh’em1
1354 3082 1425 3166 (sic)

316 3185 545 3270 Negropontis
564 3185 785 3268 Episcopum,
804 3206 843 3248 ac
863 3184 1150 3249 Reuerendissimi
1166 3186 1201 3250 in
1221 3186 1301 3270 Xpo
1319 3188 1429 3270 patris

316 3295 350 3353 et
374 3289 445 3352 d’ni
469 3288 541 3352 d’ni
564 3288 695 3352 Thome
718 3289 859 3373 Savege,
886 3295 969 3353 tunc
993 3289 1157 3372 temporis
1180 3290 1283 3354 Ebor.
1309 3290 1428 3355 Archi-

316 3393 464 3476 episcopi
508 3393 773 3476 suffraganeum,
813 3393 889 3468 rite,
926 3393 1089 3476 publice,
1116 3393 1347 3477 solempniter,
1392 3400 1427 3458 et

315 3497 500 3561 honorilice
524 3497 736 3560 celebratum
760 3503 795 3560 et
819 3497 1059 3561 indubitanter
1082 3497 1368 3581 solempnizatum
1392 3499 1429 3563 in

316 3601 490 3686 presencia
510 3622 571 3684 pro
591 3601 711 3664 maiori
731 3607 830 3684 parte
851 3602 1005 3665 omnium
1024 3602 1260 3666 ministrorum
1279 3603 1314 3667 in
1334 3603 1429 3667 dicta

318 3706 469 3770 Ecclesia
487 3712 606 3769 nostra
624 3705 748 3769 cotidie
767 3706 885 3769 diuina
904 3707 1189 3782 ministrancium,
1209 3728 1249 3771 ac
1266 3707 1375 3771 eciam
1393 3707 1429 3772 in

319 3811 493 3894 presencia
512 3811 724 3875 diuersorum
743 3811 996 3874 honorabilium
1014 3811 1166 3875 virorum
1186 3818 1259 3875 tam
1278 3811 1429 3876 militum

123 3972 288 4032 Awedding
319 3937 425 4001 quam
457 3915 701 3999 armigerorum
733 3921 768 3978 et
800 3935 1041 3999 generosorum
1073 3915 1154 3980 dict.
1189 3917 1292 3980 Ebor.
1327 3916 1428 3991 dioc,

161 4045 191 4089 at
205 4040 252 4087 me
320 4042 452 4084 necnon
484 4019 697 4084 diuersarum
728 4025 919 4084 ceterarum
951 4020 1173 4084 honestarum
1205 4040 1429 4103 personarum

118 4108 297 4234 nffissssffifs’ly
320 4125 365 4189 ad
392 4124 535 4208 nupcias
563 4124 758 4188 huiusmodi
786 4124 1024 4199 invitatorum,
1054 4124 1089 4188 in
1117 4144 1260 4188 numero
1287 4131 1429 4189 centum

135 4240 278 4291 attended.
321 4235 355 4293 et
388 4229 489 4294 ultra.
538 4229 579 4291 In
612 4248 759 4312 quorum
793 4229 947 4292 omnium
980 4229 1222 4312 premissorum
1255 4228 1358 4293 fidem
1392 4235 1427 4292 et

321 4333 557 4398 testimonium
594 4332 741 4416 sigillum
778 4339 935 4396 nostrum
973 4333 1017 4396 ad
1055 4354 1175 4397 causas
1212 4334 1430 4417 presentibus

319 4438 446 4522 apponi
470 4437 622 4501 fecimus,
670 4437 751 4501 Dat.
776 4437 811 4499 in
834 4436 938 4501 domo
961 4444 1079 4501 nostra
1102 4437 1291 4521 Capitulari
1313 4438 1430 4522 quoad

318 4542 561 4628 sigillacionem
587 4541 811 4624 presencium,
838 4541 1001 4605 vicesimo
1027 4542 1081 4606 die
1107 4543 1232 4606 mensis
1258 4542 1429 4626 Januarij,

317 4649 419 4712 Anno
438 4646 518 4711 D'ni
538 4646 680 4710 Mill’mo
697 4645 980 4730 Quingentesimo
999 4647 1249 4711 Sextodecimo

390 4791 396 4812 ¹
417 4784 540 4832 Richard
560 4783 674 4841 Wilson,
693 4787 793 4850 bishop
812 4787 841 4835 ot
861 4787 1031 4851 Negropont,
1052 4803 1109 4837 was
1128 4788 1276 4851 Suffragan
1295 4788 1324 4838 of
1343 4787 1429 4844 York,

321 4853 502 4916 1515—1518.
541 4850 655 4908 Stubbs,
675 4852 738 4918 Reg.
760 4853 834 4902 Sacr.
855 4853 946 4917 Angl„
970 4857 1045 4917 1897,
1067 4867 1126 4903 202.
