3392 5650
228 675 230 679 ’
333 677 396 762 178
619 680 697 744 Tun
723 680 878 744 luminu
903 679 1150 745 Munuscmnr.

331 858 442 922 officio
476 878 634 943 peragere
664 858 849 943 dignemini
882 879 960 923 cum
991 859 1119 934 fauore,
1153 858 1197 923 ad
1231 857 1344 923 eccl’ie
1379 878 1444 923 sue

331 963 480 1047 regimen
501 970 534 1027 et
556 964 742 1027 munimen.
790 964 859 1027 Vos
875 963 934 1027 diu
951 969 1129 1028 conseruet
1145 963 1339 1027 incolimem
1361 962 1444 1026 Dei-

332 1072 386 1130 tas
408 1066 623 1131 intemerata.
672 1067 713 1132 In
736 1088 764 1132 c.
789 1088 814 1132 r.
840 1073 865 1132 t.
890 1068 949 1152 sig.
974 1088 1026 1132 m.¹
1045 1068 1261 1151 presentibus
1283 1066 1442 1151 apposui.

332 1170 412 1235 Dat.
440 1171 533 1254 apud
559 1171 806 1255 Merkyngleld,
833 1192 925 1235 nono
950 1172 1004 1236 die
1030 1171 1155 1236 mensis
1182 1170 1312 1255 Marcij,
1339 1170 1444 1235 Anno

332 1274 413 1339 D’ni
454 1275 631 1340 Millesimo
671 1285 766 1339 cccm⁰
820 1275 1051 1360 Nonagesimo
1091 1281 1226 1340 octauo
1289 1276 1336 1339 Et
1377 1295 1443 1360 ego

332 1378 485 1443 Dionisia
521 1379 638 1443 relicta
673 1379 744 1443 d’ni
780 1379 910 1444 Thome
946 1379 988 1443 de
1024 1379 1271 1464 Merkyngfeld,
1308 1378 1439 1455 militis,

331 1482 495 1558 defuncti,
525 1483 616 1547 dicte
643 1484 892 1567 presentacioni
922 1504 981 1568 per
1008 1483 1178 1548 Thomam
1205 1483 1441 1567 subscriptum

332 1586 422 1651 lacte
441 1588 630 1663 consencio,
652 1594 686 1651 et
707 1594 878 1673 quantum
900 1587 944 1651 ad
964 1608 1018 1652 me
1039 1588 1166 1651 attinet
1186 1607 1263 1652 eam
1284 1587 1440 1671 approbo

331 1697 365 1755 et
394 1691 567 1757 confirmo.
616 1693 657 1756 In
685 1712 712 1756 c.
743 1712 768 1756 r.
800 1697 824 1757 t.
855 1692 914 1777 sig.
945 1712 989 1756 m.
1021 1692 1175 1775 apposui.
1224 1692 1304 1756 Dat.
1335 1695 1438 1767 annb,

331 1815 456 1871 mense,
479 1795 544 1871 die,
567 1802 601 1860 et
622 1796 696 1860 loco
716 1796 933 1880 supradictis.

412 2012 499 2096 (267)
529 2013 733 2096 (Certificate
757 2013 792 2077 of
815 2013 1011 2078 Admission
1035 2013 1104 2077 and
1129 2014 1358 2088 Institutionl.

419 2179 476 2245 Ca.
505 2179 584 2244 eccl.
613 2178 694 2243 Coll.
725 2179 849 2262 Ripon’
878 2179 981 2243 Ebor.
1011 2178 1096 2243 dioc.
1126 2178 1251 2243 dilecto
1278 2178 1377 2243 nobis
1404 2179 1438 2242 in

331 2305 400 2367 xpo
412 2284 505 2366 Joh’i
518 2284 560 2348 de
573 2284 742 2358 Fullorth,
757 2283 951 2368 Capellan0,
965 2282 1122 2348 salutem.
1170 2283 1225 2347 Ad
1238 2282 1438 2347 Cantariam

330 2394 533 2472 perpetuam
557 2387 685 2452 Altaris
710 2388 776 2453 S’ci
800 2388 935 2452 Andree
960 2388 995 2451 in
1020 2387 1098 2452 eccl.
1125 2388 1199 2452 coll.
1228 2387 1352 2470 Ripon’
1378 2407 1439 2471 per

329 2499 476 2557 mortem
514 2493 585 2558 d'ni
623 2492 733 2575 Joh’is
772 2492 875 2575 Clynt
912 2492 1025 2556 vltimi
1068 2491 1242 2575 Capeliani
1287 2491 1438 2556 eiusdem

329 2597 499 2672 Cantarie,
522 2597 692 2681 adquam
713 2617 774 2680 per
793 2597 963 2660 Thomam
984 2595 1026 2659 de
1048 2595 1294 2681 Merkyngfeld‚
1316 2615 1437 2659 verum

328 2701 434 2785 ipsius
450 2708 646 2785 patronum,
661 2701 759 2766 nobis
776 2706 994 2785 presentatus
1010 2700 1138 2775 existis
1157 2706 1191 2763 te
1208 2699 1437 2771 admittimus,

330 2812 365 2871 et
395 2805 617 2891 Capelianum
646 2811 852 2892 perpetuum
882 2827 960 2870 cum
990 2804 1059 2869 suis
1088 2804 1219 2869 iuribus
1247 2810 1283 2869 'et
1312 2804 1436 2889 pertin.

331 2912 497 2975 vniuersis
516 2918 550 2976 et
570 2912 728 2976 oneribus
747 2912 858 2976 eidem
878 2909 1166 2985 incumbentibus,
1187 2909 1316 2994 adque
1335 2929 1439 2973 onera

330 3015 509 3080 subeunda
533 3037 648 3080 coram
671 3017 770 3081 nobis
794 3017 925 3093 iurasti,
952 3020 986 3081 te
1010 3014 1140 3077 intuitu
1164 3013 1318 3077 caritatis
1342 3013 1438 3077 insti-

331 3120 460 3184 tuimus
484 3121 645 3185 canonice
669 3121 704 3184 in
728 3121 858 3186 eadem.
907 3121 947 3186 In
972 3142 999 3185 c.
1026 3138 1051 3207 s:
1078 3124 1102 3182 t.
1128 3118 1188 3202 sig.
1214 3139 1247 3182 n.
1273 3138 1359 3201 pres.
1385 3123 1437 3181 est

330 3243 530 3306 appensum.
578 3225 659 3288 Dat.
681 3224 716 3288 in
736 3224 791 3289 do
810 3224 867 3289 Ca.
885 3224 963 3307 xvj⁰
983 3225 1037 3288 die
1049 3208 1163 3289 mens.
1186 3221 1315 3304 Marcii,
1336 3221 1438 3285 Anno

330 3325 401 3389 d’ni
423 3327 576 3391 Mill'imo
597 3337 692 3392 cccm⁰
713 3349 836 3412 nonag.
860 3334 994 3393 octauo,

575 3543 662 3626 (268)
692 3543 898 3627 (Certificate
922 3545 957 3609 of
981 3545 1218 3630 Induction).ss

417 3709 585 3774 Nouerint
600 3710 750 3774 vniuersi
765 3712 860 3795 quod
875 3732 954 3776 cum
970 3733 1031 3777 nos
1048 3713 1246 3796 Capitulum
1263 3711 1342 3776 ecel.
1360 3711 1434 3776 coll.

330 3812 455 3896 Ripon’
486 3813 589 3879 Ebor.
621 3814 707 3880 dioc.
739 3814 904 3879 dilectum
933 3816 1032 3881 nobis
1062 3817 1096 3881 in
1127 3839 1196 3902 xpo
1226 3815 1364 3901 Joh’em
1394 3815 1437 3879 de

329 3917 487 3981 Fulforth
518 3917 739 4001 Capellanum
770 3919 815 3983 ad
845 3919 1043 3985 Cantariam
1074 3927 1276 4006 perpetuam
1308 3919 1436 3983 Altaris

328 4021 394 4085 S’ci
407 4021 542 4085 Andree
555 4022 590 4085 in
604 4021 682 4086 eccl.
698 4021 779 4088 Coll.
796 4023 921 4106 Ripon'
937 4024 1147 4101 admisimus,
1163 4031 1197 4089 et
1211 4022 1435 4110 Capellanum

327 4131 532 4209 perpetuum
550 4126 763 4190 instituimus
781 4128 943 4192 canonice
962 4129 997 4193 in
1015 4129 1145 4206 eadem,
1166 4130 1279 4213 ipsum
1299 4126 1435 4210 Joh'em

327 4229 362 4292 in
386 4229 597 4312 corporalem
621 4231 868 4314 possessionem
893 4232 1045 4297 eiusdem
1070 4233 1229 4298 Cantarie
1254 4251 1315 4318 per
1340 4230 1435 4295 d'nm

327 4333 464 4416 Joh'em
494 4333 646 4398 Redness
675 4335 1000 4401 Subthesaurarium
1028 4344 1185 4403 nostrum
1213 4335 1437 4419 corporaliter

327 4437 442 4501 induci
462 4437 603 4501 fecimus
622 4459 701 4503 cum
720 4440 790 4503 suis
809 4439 941 4504 iuribus
960 4447 995 4505 et
1014 4442 1237 4526 pertinenciis
1255 4439 1433 4504 uniuersis,

327 4541 368 4604 In
389 4561 418 4606 c.
442 4560 468 4605 r.
493 4546 517 4606 t.
541 4540 601 4626 sig.
625 4563 658 4607 n.
682 4563 768 4625 pres.
792 4549 845 4607 est
867 4565 1067 4628 appensum.
1116 4547 1193 4611 Dat>
1207 4544 1257 4607 ¹'in
1280 4543 1335 4608 do.
1360 4544 1436 4608 n’ra

325 4645 383 4710 Ca.
420 4644 582 4709 vicesimo
617 4646 671 4710 die
706 4647 831 4711 mensis
868 4649 984 4733 Marcij
1023 4649 1124 4714 Anno
1160 4649 1242 4714 D’ui
1278 4647 1435 4713 Mill’imo

325 4759 420 4817 cccm⁰
435 4769 559 4838 nonag.
581 4756 716 4818 octauo,
1135 4754 1148 4777 ·'
