3392 5650
337 716 401 783 ²44
623 699 702 765 Tne
727 698 883 764 inciter
907 698 1155 765 Manuscnrer.

337 900 376 943 ac
398 900 460 963 pro
483 879 664 943 animabus
686 879 811 943 nostris
833 900 913 943 curn
936 880 980 943 ab
1003 880 1067 943 hac
1090 879 1164 944 luce
1187 879 1448 965 migrauerimus

337 1004 377 1047 ac
411 984 609 1068 migrauerit
645 983 768 1067 aliquis
803 990 971 1059 nostnrm,
1007 990 1041 1047 et
1077 985 1259 1048 animabus
1293 984 1448 1048 omnium

337 1087 488 1153 fidelium
523 1088 776 1162 detunctorum,
809 1088 997 1152 secundum
1030 1088 1176 1153 formam
1208 1088 1447 1165 ordinacionis

336 1193 606 1276 composicionis
632 1198 666 1256 et
691 1192 901 1257 condicionis
925 1212 986 1277 per
1009 1213 1070 1256 nos
1094 1194 1150 1277 pia
1175 1193 1362 1257 deuocione
1386 1213 1449 1277 pro

337 1297 592 1361 sustentacione
629 1296 713 1360 dicti
752 1296 926 1379 Capellani
965 1303 999 1360 et
1037 1317 1177 1361 suorum
1215 1316 1448 1361 successorum

337 1401 601 1485 imperpetuum,
635 1422 675 1464 ac
706 1401 973 1484 supportacione
1005 1407 1039 1464 et
1073 1401 1274 1465 inuencione
1305 1420 1448 1465 onerum

336 1504 608 1589 subscriptorum
629 1504 769 1568 interius
790 1505 962 1568 factarum
983 1512 1017 1569 et
1038 1505 1286 1569 ordinatarum.
1334 1504 1448 1569 Noue-

336 1608 410 1672 ritis
427 1609 534 1673 eciam
552 1629 614 1673 nos
630 1608 672 1672 de
689 1608 839 1683 licencia,
854 1628 1032 1684 consensu,
1046 1608 1238 1685 voluntate,
1256 1614 1290 1673 et
1308 1628 1448 1673 assensu

337 1713 509 1796 predictis,
539 1713 681 1787 dedisse,
711 1713 927 1787 concessisse,
957 1719 992 1776 et
1021 1713 1053 1777 h.
1084 1733 1116 1796 p.
1148 1733 1175 1777 c.
1206 1734 1239 1777 n.
1270 1712 1448 1797 tripartita

336 1817 555 1881 confirmasse
579 1817 652 1880 Deo
675 1816 916 1899 Omnipotenti
940 1822 975 1880 et
999 1818 1100 1881 beate
1124 1817 1254 1902 Virgini
1279 1817 1384 1881 Marie
1408 1837 1448 1881 ac

337 1921 440 1985 beato
463 1921 621 1985 Willrido
643 1928 678 1985 et
701 1922 780 1985 eccl.
806 1920 889 1985 Coll.
915 1921 1058 2005 predict.
1083 1942 1123 1986 ac
1146 1921 1228 1986 d’no
1252 1922 1381 1986 Rob'to
1404 1922 1448 1986 de

336 2025 471 2090 Witton
501 2026 685 2108 Capeliano
715 2024 814 2089 Gilde
844 2032 879 2090 et
910 2033 1075 2109 perpetue
1105 2026 1265 2091 Cantarie
1294 2026 1449 2110 predicte

337 2130 530 2213 futurisque
569 2129 819 2193 successoribus
858 2130 929 2193 suis
967 2130 1152 2214 capellanis
1192 2131 1448 2214 imperpetuum

336 2235 457 2297 missas
473 2241 507 2298 et
524 2233 590 2297 alia
603 2233 721 2297 diuina
733 2233 844 2297 officia
862 2234 906 2298 ad
921 2234 1029 2298 altare
1046 2234 1239 2318 predictum
1256 2235 1290 2299 in
1307 2234 1447 2299 ecclesia

336 2338 516 2422 collegiata
550 2338 704 2422 predicta
739 2337 972 2415 celebraturis
1008 2339 1168 2403 vndecim
1203 2340 1377 2424 mesuagio
1411 2343 1451 2403 et

336 2443 508 2507 sexdecim
524 2463 620 2507 acras
636 2448 724 2506 terre
740 2463 819 2506 cum
835 2442 1057 2527 pertinenciis
1072 2443 1107 2507 in
1124 2443 1262 2527 Ripon',
1280 2443 1448 2527 Studelay

337 2547 460 2631 Roger,
488 2554 522 2611 et
548 2546 831 2630 Northstanelay,
859 2553 961 2630 prout
988 2547 1022 2611 in
1048 2548 1152 2611 cartis
1177 2548 1257 2612 inde
1281 2548 1448 2612 confectis

337 2651 469 2735 plenius
501 2652 708 2726 continetur,
743 2650 903 2715 Habend.
937 2651 1192 2735 imperpetuum
1224 2652 1258 2715 in
1291 2652 1446 2728 liberam,

152 2766 251 2816 Duties
264 2769 293 2816 or
337 2776 470 2840 puram,
492 2762 526 2819 et
546 2756 798 2840 imperpetuam
818 2754 1049 2819 elemosinam.
1097 2755 1264 2821 Volumus
1284 2756 1391 2820 eciam
1411 2762 1446 2820 et

150 2834 293 2898 chaplain.
337 2861 536 2925 ordinamus
570 2860 664 2944 quod
699 2859 875 2944 predictus
910 2860 987 2924 d'ns
1022 2860 1206 2936 Robertus,
1243 2861 1447 2945 Capellanus

338 2964 436 3029 Gilde
464 2972 498 3029 et
528 2964 688 3029 Cantarie
716 2963 859 3047 predict.
890 2969 925 3027 et
953 2985 1162 3030 successores
1190 2965 1243 3029 sui
1272 2965 1447 3049 Capeliani

337 3090 455 3133 omnes
484 3076 518 3133 et
547 3068 670 3153 singuli
699 3088 761 3152 pro
789 3068 918 3132 salubri
946 3075 1043 3133 statu
1071 3075 1200 3145 nostro,
1231 3070 1447 3155 fratrumque

339 3174 413 3257 (εἰ)Ῑ
427 3194 581 3237 sororum
593 3172 692 3236 Gilde
703 3172 856 3256 predicte
868 3173 1063 3237 viuencium
1076 3195 1115 3238 ac
1127 3174 1309 3238 animabus
1320 3175 1447 3239 nostris

336 3284 415 3360 post
431 3284 587 3341 nostrum
604 3276 791 3350 decessum,
809 3276 1060 3361 animabusque
1077 3277 1223 3341 fratrum
1239 3283 1274 3341 et
1290 3298 1445 3343 sororum

335 3382 477 3465 predict.
494 3381 717 3463 omniumque
732 3379 885 3444 fidelium
899 3380 1141 3445 detunctorum
1156 3382 1277 3446 missas
1291 3389 1445 3466 tempore

334 3506 404 3569 quo
443 3485 616 3569 prelatum
656 3482 752 3547 d’nm
793 3483 961 3548 Rob'tum
1001 3485 1224 3569 Capellanum
1264 3493 1326 3550 aut
1365 3507 1445 3551 suos

334 3609 543 3653 successores
577 3586 774 3652 huiusmodi
809 3587 939 3652 dictam
975 3589 1173 3654 cantariam
1208 3611 1375 3674 occupare
1410 3597 1444 3656 et

335 3693 507 3777 possidere
534 3691 779 3775 contingebat²
803 3691 944 3776 singulis
967 3692 1098 3769 diebus
1124 3699 1279 3758 cessante
1302 3694 1446 3778 impedi·

335 3804 452 3861 mento
473 3796 636 3882 legitimo,
654 3795 699 3859 ad
718 3795 827 3859 altare
843 3796 1037 3879 predictum
1058 3797 1161 3862 modo
1183 3798 1301 3862 debito
1322 3799 1445 3883 imper-

335 3908 479 3985 petuum
513 3899 699 3965 celebrabit
733 3905 768 3963 et
802 3900 1036 3976 celebrabunt,
1072 3907 1106 3965 et
1141 3902 1235 3986 quod
1269 3902 1334 3986 ipsi
1368 3903 1445 3968 d’ns

335 4005 484 4070 Rob’tus
511 4004 714 4089 Capelianus
741 4009 776 4066 et
802 4005 906 4068 ceteri
933 4025 1142 4069 successores
1169 4006 1221 4070 sui
1248 4007 1444 4072 huiusmodi

334 4109 433 4174 Gilde
461 4115 495 4173 et
525 4107 684 4173 Cantarie
713 4107 888 4191 Capellani
917 4109 1172 4193 imperpetuum
1202 4111 1359 4196 quolibet
1388 4111 1444 4175 die

333 4214 368 4278 in
395 4214 466 4278 suis
493 4213 603 4277 missis
631 4211 827 4276 huiusmodi
855 4219 958 4296 prout
986 4214 1034 4277 eis
1062 4214 1182 4279 melius
1210 4222 1246 4279 et
1274 4216 1445 4281 salubrius

332 4318 493 4382 videatur
517 4316 676 4400 expedire
698 4316 892 4380 oracionem
913 4317 1106 4401 specialem,
1129 4318 1289 4383 videlicet
1317 4326 1336 4350 “
1351 4320 1445 4385 Deus

332 4426 431 4490 venie
440 4423 632 4509 largitor,'’³
644 4428 722 4498 etc„
733 4441 774 4487 ac
783 4429 863 4507 post
874 4425 1019 4489 verbum
1031 4431 1050 4456 “
1062 4426 1271 4491 transierunt
1282 4426 1301 4449 ''
1314 4426 1445 4493 addan·

332 4536 390 4595 tur
407 4531 473 4594 hac
491 4529 608 4603 verba,
629 4527 649 4552 “
664 4525 720 4590 vel
735 4546 822 4611 quos
838 4548 976 4612 presens
992 4529 1144 4595 seculum
1161 4529 1275 4596 adhuc
1290 4531 1325 4595 in
1342 4550 1445 4597 carne

403 4697 410 4719 ¹
430 4689 487 4738 Not
498 4690 526 4737 in
539 4690 596 4739 MS.
669 4697 680 4719 ²
698 4691 735 4741 So
747 4692 776 4740 in
789 4692 856 4747 MS..
872 4692 1040 4755 apparently
1054 4691 1095 4740 tor
1111 4698 1128 4719 ‘⁴
1138 4693 1312 4758 contingat.''

401 4785 411 4818 ³
431 4781 508 4833 York
520 4781 613 4831 Missal
629 4781 773 4855 (Surtees),
790 4782 915 4845 115187'2'
