3392 5650
702 690 933 762 Caurumnr.
1303 786 1306 790 .
1330 710 1381 779 97¹

262 872 352 949 ville,
367 895 415 939 sa.
464 875 515 940 Sc.
532 896 586 939 me
600 875 676 940 ded.
694 875 767 940 Ric'
783 875 853 940 filio
865 876 1018 941 Turstini
1031 876 1066 940 in
1080 874 1203 959 leodoj
1220 880 1370 940 carucat.

132 1023 135 1030 ,
263 985 351 1043 terre
371 999 434 1063 pro
455 979 591 1044 duobus
611 979 727 1044 solidis
748 1001 808 1063 per
828 1001 907 1045 ann.
930 980 980 1044 ita
1000 980 1142 1044 liberam
1163 987 1197 1044 et
1218 979 1372 1064 quietam

261 1083 349 1149 sicut
386 1089 577 1149 ceterorum
614 1105 823 1149 vauasorum
860 1079 1024 1149 meorum.
1073 1085 1173 1149 Teste
1210 1084 1372 1148 Turstino

259 1188 434 1252 Canonico
453 1194 487 1252 et
506 1190 638 1254 ceteris.

263 1354 351 1438 (159)
386 1355 442 1418 DE
473 1371 611 1420 EODEM.
661 1354 784 1439 (Grant
814 1357 851 1420 of
881 1357 939 1420 the
969 1376 1063 1420 same
1092 1355 1174 1420 land
1204 1358 1251 1439 by
1281 1356 1370 1439 Abp.

305 1457 454 1523 William
474 1465 511 1524 to
530 1458 661 1523 Gilbert
681 1461 740 1523 the
758 1480 879 1535 canon,
900 1462 976 1524 who
995 1461 1022 1524 is
1041 1467 1078 1524 to
1096 1481 1165 1545 pay
1183 1478 1230 1526 2s.
1251 1481 1271 1525 a
1290 1480 1373 1543 year

303 1569 340 1627 to
360 1564 421 1628 the
440 1564 593 1640 church.)

349 1703 479 1768 Will'sl
508 1704 572 1767 Dei
598 1724 668 1788 gra.
693 1705 837 1769 Eborac.
860 1705 1016 1789 Archiep.
1044 1726 1135 1769 omn.
1165 1705 1197 1770 S.
1226 1704 1265 1769 E.
1294 1704 1371 1769 filiis

261 1828 309 1873 sa.
332 1814 367 1872 et
387 1808 571 1873 oraciones,
619 1808 751 1874 Notum
771 1810 816 1873 sit
836 1810 936 1874 vobis
956 1810 1050 1894 quod
1070 1831 1132 1874 nos
1152 1809 1371 1874 concedimus

262 1919 297 1977 et
316 1912 596 1979 confinnauimus
615 1913 745 1978 Gilb’to
764 1914 936 1979 Canonico
956 1914 1021 1978 S'ci
1040 1914 1148 1979 Wilfr.
1169 1915 1212 1978 de
1232 1914 1369 1998 Ripon',

263 2023 462 2083 carucatam
484 2024 573 2082 terre
594 2039 701 2102 quam
724 2019 797 2084 Ric.
822 2018 973 2083 Turstini
997 2019 1041 2083 fil.
1066 2019 1100 2082 in
1123 2019 1224 2083 feodo
1246 2019 1369 2094 tenuit,

264 2128 298 2186 et
330 2122 394 2207 ipsi
427 2121 581 2187 Gilberto
613 2121 648 2187 in
680 2123 780 2187 feodo
812 2144 889 2187 eam
922 2123 1106 2188 tenendam
1138 2123 1304 2188 concessit
1336 2128 1370 2187 et

264 2226 370 2292 dedit.
410 2227 609 2292 Reddendo
629 2229 681 2312 (46
701 2228 745 2311 v.)
766 2228 850 2312 sing.
871 2228 969 2292 annis
987 2228 1124 2292 ecclesie
1142 2228 1228 2292 duos
1245 2208 1371 2292 solidos

264 2337 414 2397 tantum.
461 2332 562 2397 Teste
582 2333 669 2399 Rad.
691 2333 805 2417 Ep'02
836 2339 870 2397 et
889 2333 1019 2397 ceteris.

267 2497 354 2577 (160)
406 2498 650 2574 (AGREEMENT
674 2516 851 2564 Bsrwrnu
878 2498 995 2564 Rrpou
1021 2517 1096 2563 Ano
1121 2499 1358 2573 Fouurmusl.

352 2642 565 2725 Composicio
593 2643 686 2707 facta
713 2644 802 2707 inter
828 2643 907 2707 eccl.
937 2643 979 2706 de
1007 2643 1131 2727 Ripon'
1160 2649 1194 2707 et
1222 2644 1300 2707 eccl.
1330 2642 1372 2706 de

264 2746 434 2811 Fontibus
453 2746 554 2811 Anno
577 2748 689 2833 gracie
713 2747 855 2811 Mill'mo
876 2760 955 2811 66Πιο
974 2759 1062 2810 xx¹¹¹⁰
1077 2751 1212 2812 octauo.
1265 2747 1373 2811 Facta

264 2858 315 2916 est
342 2853 404 2916 hec
426 2853 633 2936 composicio
658 2853 748 2917 inter
771 2853 923 2917 eccl'iam
947 2853 989 2916 de
1016 2852 1140 2937 Ripon’
1166 2858 1200 2916 et
1227 2852 1305 2918 eccl.
1331 2852 1373 2916 de

264 2957 433 3028 Fontibus
456 2976 518 3041 pro
542 2959 633 3021 bono
656 2958 760 3042 pacis,
785 2957 855 3022 scil.
880 2957 974 3042 quod
998 2957 1032 3021 in
1055 2958 1373 3040 recompensacione

263 3061 423 3126 vndecim
459 3081 526 3126 acr.
563 3067 652 3126 terre
687 3082 835 3146 quarum
871 3062 988 3125 decern
1024 3082 1100 3125 acre
1135 3061 1248 3126 iacent
1284 3061 1373 3125 inter

262 3165 439 3250 grangiam
466 3166 509 3229 (16
535 3164 714 3250 Galghagh
741 3171 775 3230 et
801 3166 895 3231 viam
921 3187 988 3250 que
1013 3166 1111 3230 vadit
1138 3186 1198 3248 per
1223 3165 1372 3230 mediam

263 3270 381 3335 villam
402 3270 445 3333 de
465 3269 676 3354 Wynkeslay
697 3276 731 3334 et
751 3271 934 3335 vndecima
954 3291 1033 3334 acra
1052 3270 1140 3334 iacet
1161 3270 1195 3333 in
1215 3269 1372 3334 orientali

263 3381 364 3459 prato
393 3375 492 3440 iuxta
521 3374 696 3459 Capellam
725 3375 831 3440 eiusd.
863 3375 952 3450 ville,
983 3375 1025 3439 de
1054 3375 1180 3459 quibus
1208 3375 1299 3440 Eccl.
1330 3374 1373 3438 de

264 3479 378 3564 Ripon
401 3479 589 3564 aliquando
612 3480 781 3544 decimam
803 3480 897 3544 bladi
920 3479 1091 3564 percipere
1114 3479 1281 3554 solebant,
1305 3500 1372 3564 que

263 3605 355 3650 nunc
376 3604 437 3669 per
458 3604 621 3648 monacos
643 3583 686 3648 de
709 3584 878 3649 Fontibus
900 3584 935 3649 in
957 3590 1097 3667 pratum
1120 3585 1256 3648 redacte
1278 3590 1371 3661 sunt,

263 3689 357 3774 quod
380 3689 455 3774 ipsa
479 3688 619 3753 ecclesia
642 3689 685 3753 de
709 3688 878 3754 Fontibus
901 3689 1067 3753 concessit
1092 3688 1202 3752 eidem
1226 3689 1304 3753 eccl.
1330 3689 1373 3753 de

265 3793 390 3877 Ripon’
413 3793 585 3877 percipere
606 3793 649 3856 de
671 3793 808 3857 essartis
828 3793 898 3859 suis
920 3793 1089 3857 decimam
1110 3793 1203 3856 bladi
1225 3798 1259 3856 et
1281 3793 1372 3878 legu-

262 3897 364 3962 minis
383 3898 426 3962 de
445 3919 515 3962 vna
535 3918 614 3962 acra
634 3904 722 3962 terre
742 3903 776 3961 et
796 3898 939 3962 dimidia
960 3898 994 3962 in
1015 3897 1256 3981 Selbeshenges
1276 3902 1310 3962 et
1330 3899 1372 3962 de

261 4023 332 4067 vna
347 4023 426 4067 acra
441 4008 476 4066 et
491 4023 561 4067 vna
576 4002 660 4067 roda
676 4003 711 4067 in
727 4001 1046 4086 merayriddinges
1061 4007 1096 4065 et
1111 4001 1154 4066 de
1169 4001 1226 4065 illo
1242 4009 1371 4068 essarto

262 4127 365 4192 super
383 4106 597 4192 Galgheberg
616 4112 788 4193 quantum
809 4113 1000 4172 essatatum
1023 4105 1093 4190 (sic)
1117 4107 1183 4171 fuit
1203 4107 1260 4171 illo
1280 4129 1371 4173 anno

262 4233 332 4296 quo
352 4213 415 4277 hec
435 4212 642 4297 composicio
664 4213 757 4276 facta
779 4211 845 4276 fuit
867 4232 927 4296 per
948 4217 1059 4276 metas
1080 4211 1207 4275 ibidem
1229 4212 1369 4295 positas,

262 4316 365 4382 saluis
387 4316 549 4404 ecclesie3
570 4316 613 4380 de
635 4316 804 4381 Fontibus
826 4315 1011 4400 priuilegiis
1029 4315 1098 4380 suis
1117 4315 1160 4379 de
1177 4315 1369 4382 noualibus.

262 4422 308 4485 Et
331 4420 410 4486 eccl.
435 4420 477 4485 de
501 4421 615 4506 Ripon
638 4420 805 4485 concessit
828 4421 907 4485 eccl.
932 4421 975 4484 de
997 4419 1167 4485 Fontibus
1189 4420 1261 4485 sine
1283 4420 1371 4486 deci-

262 4525 417 4590 macione
435 4525 492 4590 illa
510 4524 601 4590 totta
619 4526 653 4590 in
672 4524 871 4609 Winkeslay
888 4546 956 4610 que
974 4524 1117 4608 J0h’nes
1135 4525 1241 4589 frater
1259 4524 1370 4591 Nich’i

334 4708 342 4732 ¹
362 4702 504 4766 Probably
517 4702 557 4752 St.
572 4702 704 4758 william,
717 4701 781 4751 who
793 4703 945 4752 succeeded
958 4701 1108 4751 Thurstan.

332 4795 418 4868 {Not
431 4794 583 4845 identified.
657 4800 667 4830 ³
686 4795 831 4859 Repeated
844 4795 873 4843 in
886 4795 942 4844 MS.

1406 1730 1502 1778 1143-l
1512 1729 1569 1779 154.
