3392 5650
640 748 735 813 Acrs
758 766 804 813 or
827 748 1007 818 Cnnrren.
1232 739 1235 745 ’
1315 764 1378 832 293

268 928 521 1012 prebendarum
558 927 601 991 de
639 927 880 1012 Stanewigges,
920 927 1126 1003 Gevendale‚
1166 933 1201 991 et
1239 926 1379 991 Sharow

268 1032 492 1116 personaliter
515 1033 679 1096 accedens
703 1052 805 1115 super
829 1032 1031 1107 defectibus,
1058 1032 1377 1114 dilapidacionibus

268 1143 302 1200 et
328 1136 591 1202 ruinositatibus
616 1137 650 1201 in
675 1136 776 1201 dictis
800 1137 982 1220 prebendis
1007 1142 1041 1200 et
1067 1136 1209 1219 edificiis
1234 1137 1280 1200 eis
1305 1155 1379 1220 per-

268 1241 469 1317 tinentibus
502 1261 596 1305 more
626 1261 687 1325 per
717 1241 833 1305 omnia
864 1247 903 1304 vt
935 1261 1038 1325 supra
1069 1240 1266 1324 diligentem
1298 1240 1378 1304 fecit

267 1345 537 1429 inquisicionem,
572 1365 632 1429 per
663 1366 770 1430 quam
802 1346 943 1429 quidem
976 1345 1235 1430 inquisicionem
1268 1351 1379 1410 certos

267 1450 421 1515 deiectus
450 1456 484 1513 et
513 1450 735 1515 ruinositates
763 1450 898 1514 inuenit
926 1451 961 1513 in
990 1450 1128 1525 eisdem,
1158 1455 1262 1534 prout
1290 1449 1379 1513 infra

267 1554 413 1637 patebit.

686 1735 960 1800 Srnnnwrccas.

356 1914 397 1977 In
427 1913 556 1997 primis,
589 1913 746 1996 prefatus
776 1913 821 1977 M.
855 1913 1034 1977 Presidens
1064 1913 1196 1978 invenit
1226 1914 1380 1979 defectus
1414 1924 1527 1974 Detects
1540 1923 1569 1975 in

267 2018 302 2087 in
335 2017 513 2083 mansione
546 2018 722 2082 Prebende
756 2018 799 2082 de
832 2018 1074 2102 Stanewigges
1108 2018 1301 2102 pertinente
1334 2019 1379 2086 M.
1418 1992 1569 2123 preiiidai

268 2123 399 2187 Thome
420 2123 612 2187 Bakhowse
631 2122 804 2187 Canonico
824 2128 859 2187 et
880 2122 1111 2188 Prebendario
1131 2123 1293 2199 eiusdem,
1315 2123 1379 2188 viz.
1396 2126 1503 2202 'house
1516 2124 1581 2183 viz,

267 2227 302 2291 in
323 2232 458 2292 tectura
476 2248 599 2312 magne
618 2227 695 2292 aule
714 2228 869 2292 eiusdem
888 2248 929 2291 ex
949 2234 1047 2311 parte
1066 2228 1199 2305 boriali,
1220 2234 1255 2291 et
1274 2228 1382 2293 eciam
1394 2191 1595 2322 mtthneeggigtof

267 2332 302 2396 in
327 2332 547 2397 edificacione
572 2338 607 2397 et
632 2333 852 2415 reparacione
877 2332 1040 2407 merimei,
1067 2338 1102 2396 et
1127 2333 1162 2397 in
1187 2338 1323 2397 tectura
1347 2337 1382 2397 et
1428 2325 1575 2440 {³³¹3thss

267 2436 374 2501 muris
390 2436 569 2501 cuiusdam
585 2437 664 2520 orrij
684 2436 812 2501 ibidem
829 2458 870 2500 ac
885 2436 1032 2521 granarii
1052 2442 1087 2501 et
1103 2437 1239 2502 stabule
1254 2437 1382 2501 ibidem
1416 2407 1499 2507 aroors
1512 2459 1568 2507 and

267 2562 354 2626 quos
387 2541 528 2625 quidem
561 2541 716 2605 deiectus
749 2541 906 2624 prefatus
939 2541 983 2605 M.
1020 2540 1199 2606 Presidens
1231 2542 1382 2606 iniunxit
1407 2524 1587 2640 W³¹}⁸ar‘}{1¹h⁰

266 2645 475 2710 sufficienter
490 2651 525 2709 et
541 2646 692 2728 perfecte
709 2645 897 2710 reedificari
913 2651 948 2708 et
964 2646 1115 2728 reparari
1131 2666 1192 2729 per
1207 2647 1382 2730 prefatum
1420 2658 1568 2722 buildings,

268 2750 338 2833 (101
361 2750 407 2833 v.)
438 2751 483 2814 M.
507 2750 677 2815 Thomam
702 2750 894 2814 Bakhowse
918 2749 1006 2813 citra
1031 2750 1159 2814 festum
1186 2750 1263 2815 inv,
1288 2751 1320 2815 S.
1345 2750 1379 2815 C.
1411 2725 1536 2856 repiirdd
1550 2805 1580 2841 as

266 2856 504 2941 supradictum
528 2857 593 2920 sub
617 2876 706 2940 pena
729 2855 791 2919 idta
815 2855 1003 2920 solidorum
1027 2854 1155 2920 fabrice
1179 2856 1317 2920 ecclesie
1341 2862 1381 2919 vt
1446 2859 1543 2908 above.

267 2981 372 3046 supra
387 2960 581 3045 applicand.

708 3138 942 3220 (Gevendale).

358 3320 447 3384 Item
467 3319 622 3404 prefatus
642 3319 686 3382 M.
709 3318 889 3383 Presidens
909 3320 954 3384 ad
974 3319 1189 3385 mansionem
1208 3321 1380 3405 prebende
1394 3352 1433 3399 At
1446 3350 1494 3399 the
1507 3349 1593 3399 house

269 3425 312 3490 de
329 3423 525 3489 Gevendale
542 3424 706 3489 accedens
723 3423 857 3488 inuenit
875 3424 1004 3488 ibidem
1021 3424 1168 3489 factores
1187 3425 1230 3488 M.
1250 3425 1381 3490 Thome
1412 3418 1574 3533 θῐὸῗὲὲξῗ·

270 3529 464 3604 Herworth,
512 3527 674 3593 Canonici
722 3533 756 3592 et
804 3528 1025 3611 Prebendarij
1077 3529 1239 3605 eiusdem,
1288 3536 1382 3594 certa
1394 3550 1548 3600 Givendale
1558 3550 1593 3598 ne

270 3631 403 3697 edificia
430 3632 540 3696 eidem
567 3631 737 3696 mansioni
764 3633 965 3716 prebendali
991 3634 1205 3718 pertinencia
1231 3634 1381 3718 perfecte
1394 3617 1593 3733 Wssssffihsse·

270 3740 305 3800 et
333 3736 493 3800 decenter
519 3735 561 3799 de
588 3756 680 3800 novo
708 3736 917 3812 edificantes
948 3758 989 3802 ac
1016 3738 1124 3802 eciam
1152 3738 1288 3802 diuersa
1315 3738 1382 3802 alia
1431 3751 1557 3826 builiding

271 3839 403 3905 edificia
439 3839 567 3903 ibidem
604 3860 671 3924 que
709 3840 848 3905 fuerunt
885 3841 987 3925 longo
1011 3847 1165 3925 tempore
1189 3861 1250 3925 per
1280 3848 1383 3906 antea
1397 3819 1593 3947 εῗξῗζζὲξζῗ

270 3944 443 4010 deiectiua
459 3949 494 4008 et
510 3943 612 4008 valde
628 3944 766 4008 ruinosa
782 3965 843 4027 per
859 3945 996 4010 eosdem
1013 3946 1160 4010 factores
1177 3946 1384 4011 sufficienter
1414 3951 1531 4007 thereto,
1546 3964 1577 3998 as

271 4055 440 4135 reparata,
463 4055 580 4113 tamen
600 4055 741 4133 propter
760 4049 904 4113 nimiam
925 4050 1211 4132 dilapidacionem
1232 4051 1382 4134 prefato·
1395 4017 1595 4146 Wssgifflissgfr

270 4175 347 4219 rum
377 4153 581 4218 mansionis
629 4159 664 4217 et
712 4152 925 4218 edificiorum
973 4154 1084 4218 eidem
1132 4154 1382 4240 pertinencium

271 4259 484 4344 temporibus
531 4259 715 4323 transactis
762 4258 797 4323 in
844 4258 1037 4323 defectibus
1084 4264 1119 4323 et
1166 4259 1383 4344 necligencijs

271 4363 521 4429 Canonicomm
546 4368 580 4426 et
607 4362 916 4427 Prebendariorum
941 4363 1094 4427 eiusdem
1119 4364 1302 4448 prebende,
1328 4364 1384 4428 vel

271 4468 387 4533 saltim
424 4488 542 4532 eorum
579 4467 810 4532 finnariorum
845 4467 1059 4532 accidentem
1097 4473 1132 4531 et
1169 4468 1381 4552 permissam,
1426 4498 1478 4547 but
1491 4499 1569 4547 there

271 4573 426 4658 prefatus
455 4573 500 4636 M.
532 4572 710 4636 Presidens
739 4571 873 4636 inuenit
904 4572 1017 4636 adhuc
1046 4572 1199 4637 diuersos
1229 4572 1383 4636 defectus
1414 4579 1578 4680 giesseeffmet

271 4677 399 4742 ibidem
424 4676 670 4752 reformandos,
696 4676 761 4741 viz.
788 4676 823 4740 in
848 4681 984 4741 tectura
1007 4697 1131 4761 magne
1155 4677 1231 4741 aule
1255 4676 1383 4741 ibidem
1433 4646 1492 4747 etoe
1501 4646 1546 4747 bey
1549 4646 1563 4680 e

272 4787 307 4846 et
326 4780 361 4845 in
382 4785 517 4845 tectura
537 4787 571 4845 et
591 4781 754 4845 merimeo
773 4780 953 4846 cuiusdam
973 4780 1042 4845 alte
1061 4801 1204 4846 camere.
1423 4765 1568 4814 amended.
