3392 5650
344 705 407 771 292
629 690 707 754 Tus
733 690 889 754 luminu
914 690 1160 755 Manuscnn’r.

166 871 296 947 tabere·
343 869 515 943 nentibus,
546 869 601 967 vi}
635 870 669 933 in
700 876 835 933 tectura
862 889 990 943 eorum,
1019 889 1105 953 quos
1131 868 1272 953 quidem
1298 869 1456 933 defectus

159 939 299 1053 ‘'Ziig‘vlff
343 974 492 1037 iniunxit
530 994 590 1058 per
626 974 799 1057 prefatum
838 974 881 1037 M.
920 973 1090 1037 Thomam
1127 973 1330 1057 Wilkynson
1366 972 1456 1037 citra

344 1078 470 1141 festum
492 1078 566 1142 lnu.
588 1078 620 1142 S.
642 1078 757 1142 Crucis
776 1078 1014 1161 supradictum
1034 1078 1160 1153 debite,
1180 1077 1399 1153 sufficienter,
1420 1082 1456 1141 et

343 1182 492 1265 perfecte
513 1182 661 1265 reparari
682 1183 746 1246 sub
762 1202 851 1266 pena
868 1182 928 1245 xlta
949 1181 1136 1246 solidorum
1156 1181 1285 1246 fabrice
1305 1180 1456 1246 Ecclesie

343 1286 494 1369 predicte
515 1286 799 1369 applicandorum
819 1306 914 1350 more
933 1306 993 1370 per
1012 1286 1128 1350 omnia
1147 1292 1186 1350 vt
1206 1305 1320 1369 supra.

792 1463 1001 1529 Nuuwrrcs.

136 1596 318 1713 cffffissffin
432 1619 520 1682 Item
560 1619 714 1702 prefatus
755 1619 798 1682 M.
841 1617 1020 1681 Presidens
1059 1617 1190 1681 inuenit
1226 1616 1380 1681 defectus
1421 1618 1456 1681 in

165 1732 213 1778 the
232 1744 292 1792 pre·
342 1724 484 1788 diuersis
497 1724 639 1787 cameris
652 1725 696 1787 M.
711 1724 841 1787 Thome
855 1722 981 1797 Blithe,
997 1722 1169 1786 Canonico
1182 1727 1217 1785 et
1230 1722 1458 1806 prebendario

129 1796 327 1912 beiff‘ffls‘
342 1828 513 1911 prebende
542 1828 584 1891 de
615 1828 783 1892 Nunwike
809 1826 1074 1910 pertinentibus,
1100 1847 1142 1890 ex
1170 1832 1269 1910 parte
1298 1826 1457 1890 orientali

188 1930 270 1985 roofs,
342 1933 465 1997 domus
487 1932 705 2016 prebendalis
727 1932 865 2005 ibidem,
889 1932 955 1995 viZ.
981 1931 1015 1994 in
1039 1936 1173 1995 tectura
1195 1931 1392 2006 earundem,
1417 1951 1459 1996 ac

164 2009 293 2124 ἲῗοῇξξ
342 2038 449 2101 eciam
471 2038 605 2101 inuenit
628 2037 715 2100 duos
736 2035 863 2120 gradus
885 2035 1013 2119 ligneos
1035 2055 1140 2118 prope
1163 2035 1289 2099 ostium
1311 2034 1458 2119 coquine

147 2142 228 2218 stans
242 2143 309 2190 with
342 2142 469 2205 ibidem
492 2162 570 2205 cum
594 2141 737 2205 tecturis
759 2139 947 2204 eorundem
970 2140 1126 2203 totaliter
1147 2139 1333 2203 distructos
1355 2144 1390 2203 et
1412 2139 1459 2203 ad

147 2209 314 2323 lieeffies'
342 2252 469 2309 terram
494 2252 697 2329 prostratos
723 2244 784 2328 qui
808 2244 949 2329 quidem
974 2244 1099 2328 gradus
1125 2244 1169 2307 ad
1193 2244 1279 2308 duas
1303 2263 1458 2307 cameras

128 2341 326 2472 kffihfgaffi
342 2350 469 2413 ibidem
495 2350 687 2432 prebebant
712 2350 913 2433 ingressum,
941 2368 1028 2433 quos
1053 2369 1134 2411 vero
1159 2348 1313 2411 defectus
1338 2368 1459 2411 omnes

153 2490 191 2537 up
204 2480 235 2524 to
248 2480 304 2524 two
342 2460 376 2517 et
401 2455 551 2538 singulos
575 2454 730 2536 prefatus
754 2454 798 2517 M.
825 2453 1003 2517 Presidens
1027 2453 1177 2516 iniunxit
1200 2472 1260 2535 per
1282 2452 1458 2535 prefatum

148 2542 309 2671 {lrffiffiy
342 2559 386 2622 M.
423 2559 593 2622 Thomam
629 2558 744 2621 Blithe
779 2558 866 2621 citra
901 2557 923 2620 f.
962 2557 1037 2620 Inv.
1076 2557 1107 2621 S.
1146 2547 1180 2620 C.
1217 2556 1458 2640 supradictum

167 2675 289 2729 ruinous.
341 2662 557 2738 sufficienter,
579 2662 742 2746 perfecte,
764 2667 799 2724 et
820 2661 936 2724 debite
957 2661 1109 2743 reparari
1129 2666 1164 2723 et
1185 2660 1370 2724 reedificari
1390 2660 1456 2724 sub

129 2743 326 2872 ,0{{d,{{‚{i„
342 2788 431 2852 pena
450 2767 511 2831 xlta
530 2766 718 2832 solidorum
738 2784 832 2830 more
852 2771 892 2829 vt
912 2786 1016 2849 supra
1035 2764 1329 2850 applicandorum.

137 2877 171 2924 ed
180 2891 209 2925 as
221 2876 319 2925 above.

787 2939 1007 3002 Monnarou.

153 3117 265 3165 Derects
279 3116 307 3163 in
431 3094 520 3157 Item
539 3093 694 3177 prefatus
713 3091 757 3156 M.
780 3092 958 3155 Presidens
977 3092 1109 3155 inuenit
1128 3091 1282 3155 defectus
1300 3091 1335 3155 in
1354 3091 1459 3155 domo

143 3185 191 3232 the
201 3183 316 3247 preben-
343 3197 542 3283 prebendali
564 3197 606 3261 de
629 3198 816 3261 Monketon
839 3197 1036 3279 pertinente
1058 3196 1103 3260 M.
1128 3196 1246 3278 Joh'ni
1268 3195 1459 3280 Hawkyns‚

145 3251 313 3373 dllllutlle
343 3303 515 3367 Canonico
537 3307 572 3364 et
595 3301 840 3365 Prebendari01
866 3300 1028 3376 eiusdem,
1053 3301 1118 3364 viz.
1143 3300 1178 3364 in
1202 3306 1336 3364 tectura
1357 3319 1462 3383 super

131 3384 209 3515 ἓξὲξ
222 3382 328 3506 ffihssn
344 3427 506 3490 magnam
544 3406 659 3469 aulam
695 3406 834 3480 ibidem,
873 3410 908 3469 et
945 3405 1053 3469 eciam
1090 3405 1245 3469 defectus
1281 3405 1316 3468 in
1352 3403 1460 3468 muris

161 3518 210 3565 the
222 3520 302 3564 stone
343 3510 487 3594 lapideis
520 3509 700 3573 cuiusdam
733 3508 811 3591 orrij
848 3509 988 3583 ibidem,
1026 3515 1060 3573 et
1091 3510 1126 3573 in
1166 3514 1260 3572 certo
1290 3507 1457 3573 merimim

132 3583 331 3699 wgffiffidof
345 3614 507 3689 eiusdem,
534 3594 571 3676 et*
596 3614 630 3676 in
658 3613 765 3677 muris
789 3613 933 3697 lapideis
960 3614 1105 3697 coquine
1130 3613 1268 3688 ibidem,
1291 3618 1326 3676 et
1351 3612 1460 3677 eciam

145 3732 162 3766 a
174 3715 323 3830 bernhario
347 3720 382 3783 in
398 3718 507 3782 muris
523 3717 669 3802 granarii
693 3724 728 3781 et
748 3718 849 3782 vnius
869 3718 1015 3793 stabule,
1037 3738 1124 3802 quos
1144 3718 1284 3802 quidem
1304 3717 1459 3781 defectus

173 3787 295 3906 ιζὲιῒιςῗτ
348 3823 502 3907 prefatus
526 3821 570 3886 M.
593 3822 772 3886 Presidens
796 3823 947 3886 iniunxit
971 3842 1032 3906 per
1054 3822 1229 3906 prefatum
1253 3823 1297 3885 M.
1323 3822 1461 3904 Joh’em

135 3917 217 4032 2122
227 3915 333 4031 ζξξῇξ
349 3927 527 4010 Hawkyns
554 3927 640 3990 citra
668 3927 690 3991 f.
721 3927 797 3990 Inv.
827 3927 860 3991 S.
889 3926 923 3991 C.
951 3927 1166 4011 sepedictum
1194 3927 1258 3991 sub
1286 3946 1375 4010 pena
1401 3926 1462 3989 >dta

348 4031 535 4096 solidorum
560 4031 687 4095 fabrice
719 4031 859 4095 ecclesie
887 4031 968 4095 Coll.
998 4031 1151 4115 predicte
1179 4030 1461 4114 applicandorum

350 4136 465 4200 debite
492 4141 527 4198 et
553 4135 703 4219 perfecte
719 4136 880 4219 reparari.

688 4302 890 4384 (Visitation
915 4301 1126 4384 continued).

202 4481 276 4532 1511,
439 4455 608 4519 Vicesimo
642 4461 768 4519 octauo
802 4455 857 4519 die
892 4455 1018 4518 mensis
1051 4454 1211 4539 Augusti,
1246 4454 1347 4518 Anno
1381 4453 1463 4518 D’ni

174 4538 246 4601 Aug.
259 4539 303 4585 ²8‘
351 4559 560 4644 supradicto,
583 4559 738 4642 prefatus
760 4560 804 4623 M.
829 4559 1008 4623 Presidens
1030 4559 1181 4643 Capituli
1203 4559 1247 4623 ad
1269 4557 1464 4623 Mansiones

423 4779 430 4801 ¹
450 4774 506 4824 MS.
521 4774 571 4824 has
585 4775 603 4797 ‘³
613 4772 744 4824 Canonici
757 4777 786 4822 et
799 4773 1008 4839 Prebendarij.”
