3392 5650
712 706 943 771 Caururnnr.
1341 705 1383 789 89

272 898 326 962 vel
352 898 475 983 assign.
502 919 541 973 s..
573 904 687 962 totum
715 898 844 962 toftum
872 918 951 962 cum
979 917 1070 961 omn.
1098 897 1237 961 edificiis
1265 897 1316 979 (42
1337 898 1381 977 v.)

273 1003 419 1086 desuper
442 1002 621 1077 edificatis,
645 1002 739 1086 quod
763 1002 852 1066 iacet
876 1001 965 1065 inter
988 1001 1135 1084 placiam
1159 1001 1218 1065 vbi
1242 1001 1308 1064 sita
1332 1007 1383 1064 est

271 1106 413 1191 grangia
427 1127 494 1190 que
509 1106 575 1170 luit
591 1107 710 1191 Mag'ri
725 1106 799 1169 Ade
813 1106 856 1170 de
872 1105 1050 1187 Melsanby
1064 1111 1098 1168 et
1113 1112 1204 1169 terra
1219 1105 1384 1168 Normani

273 1210 327 1274 del
356 1211 455 1286 How,
485 1210 579 1295 quod
608 1211 716 1295 Mag'r
744 1209 886 1292 Joh’nes
916 1209 1104 1284 Romanus,
1134 1209 1384 1273 concanonicus

272 1320 399 1389 noster,
432 1314 515 1378 emit
546 1334 662 1379 coram
693 1314 868 1397 Justiciar.
901 1313 972 1378 d'ni
1003 1313 1090 1398 regis
1120 1314 1162 1377 de
1193 1312 1306 1377 Will'o
1337 1312 1381 1377 fil.

273 1418 429 1494 Gilberti,
450 1424 519 1483 ten.
542 1424 577 1482 et
596 1419 675 1482 hab.
698 1419 740 1483 de
760 1418 853 1482 dicto
873 1417 954 1482 d’no
975 1418 1052 1500 Joh.
1075 1423 1109 1481 et
1129 1418 1171 1481 de
1191 1438 1279 1482 succ.
1301 1438 1326 1481 s
1349 1417 1381 1481 li.

272 1523 341 1607 qui.
376 1528 411 1585 et
444 1522 574 1607 integre
606 1522 694 1586 sicut
728 1522 815 1586 iacet
849 1522 939 1585 inter
970 1528 1081 1585 metas
1112 1521 1380 1605 prenominatas.

275 1626 384 1690 Redd.
413 1626 492 1690 inde
519 1626 700 1690 annuatim
728 1626 857 1711 Mag'ro
884 1625 962 1708 Joh.
993 1625 1150 1689 Romano
1177 1631 1211 1689 et
1237 1645 1326 1689 succ.
1350 1646 1380 1690 s

272 1729 348 1813 iiijs.
369 1729 449 1825 scilp
470 1730 550 1824 scil?
573 1730 643 1813 (sic)
665 1730 717 1813 ijs
739 1730 783 1794 ad
808 1730 905 1794 Pent.
932 1735 966 1792 et
991 1728 1043 1812 ijs.
1062 1729 1106 1793 ad
1131 1730 1153 1793 l.
1174 1728 1206 1793 S.
1229 1730 1272 1793 M.
1293 1729 1328 1792 in
1347 1730 1379 1793 h.

272 1854 335 1917 pro
371 1855 462 1898 omn.
500 1854 587 1898 serv.
625 1840 660 1897 et
696 1834 785 1898 dern.
823 1854 890 1918 que
927 1839 1014 1897 terre
1051 1833 1202 1897 accidere
1237 1833 1380 1917 possint.

275 1938 491 2022 (Warrontp).
533 1939 573 2002 In
591 1959 619 2001 c.
635 1958 660 2001 r.
676 1944 700 2001 t.
715 1959 765 2021 pr.
779 1958 842 2001 scr.
857 1938 917 2023 sig.
932 1938 1040 2001 nostri
1058 1937 1206 2021 Capituli
1225 1937 1381 2001 corrobo-

272 2042 435 2106 rauimns.
484 2043 528 2107 H.
549 2048 574 2106 t.
596 2042 726 2127 Mag'ro
745 2042 933 2107 Laurencio
951 2042 993 2105 de
1010 2041 1157 2125 Topklil,
1178 2048 1212 2105 et
1232 2042 1362 2106 ceteris,

660 2257 748 2339 (137)
775 2255 831 2319 Du
856 2272 993 2319 sonan.

360 2424 436 2487 Hoc
458 2423 694 2508 scirograffum
717 2429 868 2487 testatur
889 2423 983 2507 quod
1005 2443 1067 2507 ego
1090 2422 1197 2487 Will’s
1220 2424 1317 2488 faber
1338 2424 1381 2488 de
1443 2458 1513 2491 c.12
1552 2480 1557 2491 .

273 2527 410 2591 Aldleld
428 2526 568 2591 vendidi
587 2533 622 2591 et
641 2527 789 2591 concessi
809 2527 891 2591 d'no
909 2527 1020 2591 Alano
1039 2527 1081 2590 de
1100 2526 1237 2591 Aldleld
1256 2534 1290 2592 et
1309 2529 1378 2593 her.

271 2652 297 2695 s.
317 2630 372 2695 vel
389 2631 444 2695 cui
462 2629 634 2716 assignare
651 2631 809 2706 voluerit,
828 2631 923 2715 quod
941 2631 1088 2695 annuale
1106 2631 1289 2707 redditum,
1309 2633 1378 2697 scil.

272 2734 377 2799 trium
400 2735 536 2799 solidor.
562 2735 604 2799 de
629 2741 720 2799 terra
743 2756 820 2799 mea
843 2735 885 2799 de
909 2734 1121 2799 Northouses
1144 2756 1250 2820 quam
1275 2736 1379 2801 Henr.

271 2840 432 2925 Carpent’
458 2839 586 2904 ibidem
610 2847 716 2916 tenet,
740 2840 944 2905 soluendum
967 2840 1189 2905 medietatem
1213 2841 1258 2905 ad
1282 2841 1379 2906 Pent.

272 2951 307 3008 et
330 2944 419 3009 med.
445 2944 490 3009 ad
514 2944 536 3008 f.
563 2944 595 3009 S.
622 2945 665 3009 M.
691 2944 726 3009 in
750 2945 795 3019 h.,
820 2964 883 3028 pro
905 2943 1058 3027 quadam
1081 2964 1217 3008 summa
1239 2945 1381 3028 pecunie

272 3069 378 3133 quarn
397 3048 491 3132 pred.
513 3047 643 3112 Alanus
665 3048 768 3112 michi
793 3048 889 3112 dedit
914 3068 974 3131 pre
999 3048 1158 3112 manibus
1182 3048 1216 3111 in
1242 3049 1382 3133 negocio
1409 3061 1411 3064 ’

272 3173 349 3217 meo
372 3174 393 3217 a
416 3152 505 3216 festo
528 3152 560 3217 S.
580 3152 624 3216 M.
643 3152 677 3216 in
699 3153 731 3217 h.
751 3172 842 3216 anno
866 3151 978 3236 gracie
1003 3151 1120 3215 Mill’io
1143 3165 1222 3216 cc¹¹³0
1237 3153 1290 3215 l¹¹¹0
1305 3152 1383 3236 viij0

272 3277 380 3341 vsque
396 3257 441 3321 ad
460 3257 646 3321 terminum
664 3256 710 3340 xij
732 3277 850 3320 annor.
901 3256 1116 3339 (Warranty).
1148 3257 1191 3320 H.
1211 3263 1236 3321 t.
1256 3257 1381 3322 Adde

271 3361 409 3425 Aldleld
428 3367 462 3424 et
481 3361 612 3425 ceteris.

660 3553 747 3636 (138)
775 3554 831 3618 Da
856 3570 993 3618 ronan.

358 3720 460 3785 Omn.
484 3720 576 3785 hom.
600 3740 650 3803 pr.
679 3740 742 3785 scr.
772 3720 834 3784 vis,
862 3719 917 3784 vel
946 3720 1025 3784 aud.
1052 3719 1159 3784 Will's
1182 3721 1226 3786 fil.
1251 3722 1380 3786 Thome

271 3825 314 3889 de
342 3823 490 3900 Aldleld,
516 3845 554 3888 sa
582 3824 627 3889 in.
657 3824 758 3888 D'no.
816 3823 990 3888 Noueritis
1017 3824 1184 3908 obligasse
1212 3826 1380 3910 meipsum

271 3928 353 3992 d’no
366 3928 479 3993 Will'o
496 3928 526 3992 le
539 3929 680 3992 Vawsor
695 3928 789 4012 quod
806 3928 834 3992 si
851 3928 886 3993 in
903 3928 1019 4012 aliquo
1032 3934 1185 4012 ternpore
1201 3931 1380 4016 contingat

271 4054 326 4097 me
338 4032 490 4116 aliquam
504 4039 631 4097 terrain
644 4032 686 4096 de
703 4031 975 4096 illo-tenemento
987 4032 1081 4117 quod
1099 4033 1202 4098 Henr.
1217 4034 1262 4099 fil.
1278 4034 1381 4099 Will'i

270 4136 313 4202 de
337 4137 475 4201 Aldleld
499 4136 656 4201 vendidit
681 4136 773 4219 Joh'i
800 4137 922 4200 Russel
946 4137 1140 4220 perquirere
1164 4138 1219 4201 vel
1243 4138 1380 4203 disraci·

271 4253 397 4305 onare¹
425 4247 460 4305 et
487 4261 563 4305 eam
590 4240 738 4305 vendere
761 4241 913 4317 voluer0,
937 4241 1031 4324 quod
1058 4241 1149 4306 idern
1173 4242 1249 4307 d'ns
1273 4243 1381 4307 Will's

270 4345 431 4410 omnibus
458 4344 533 4409 aliis
561 4345 624 4408 erit
652 4345 877 4429 propinquior
904 4345 971 4409 lide
998 4345 1121 4410 media.
1171 4347 1211 4410 In
1239 4368 1267 4411 c.
1297 4368 1322 4412 r.
1353 4355 1378 4413 t.

270 4449 349 4514 huic
361 4469 424 4514 scr.
439 4469 489 4532 pr.
504 4449 564 4534 sig.
579 4470 623 4514 m.
639 4449 793 4532 apposui.
842 4450 886 4513 H.
902 4455 940 4524 t.,
955 4449 1036 4515 d'no
1049 4449 1079 4513 N
1083 4450 1171 4514 ich'o
1184 4451 1378 4536 Capellano,

270 4553 421 4617 Will’mo
439 4553 482 4617 de
501 4553 675 4637 Stodelay,
696 4559 731 4617 et
749 4554 881 4618 ceteris.

342 4784 349 4807 ¹
368 4777 409 4828 To
422 4777 504 4828 claim
517 4793 548 4828 as
561 4778 603 4828 his
616 4793 678 4828 own
691 4783 774 4843 apart
788 4781 859 4829 from
873 4780 974 4830 others.
