3392 5650
578 695 673 759 Acis
696 711 741 759 oa
764 694 944 759 Cuneran.
1254 692 1317 775 285

208 874 399 941 maiestatis
417 881 531 938 vestre
550 874 734 950 oraciones
754 895 882 958 preces
903 880 937 938 et
956 874 1119 959 suffragia
1138 875 1172 939 in
1192 875 1318 939 Eccl'ia

207 979 393 1065 Collegiata
421 986 539 1043 nostra
571 979 725 1062 predicta
754 978 825 1042 fieri
852 985 885 1042 et
914 979 1043 1043 effundi
1074 980 1317 1064 excogitemus

207 1084 332 1168 quibus
364 1090 516 1148 vestram
550 1084 774 1148 deuocionem
807 1084 1007 1148 oracionum
1040 1084 1212 1169 suffragijs
1244 1084 1319 1148 reli-

204 1188 347 1276 giosam,
364 1188 499 1252 firmam
514 1208 610 1272 spem
626 1194 660 1251 et
677 1187 851 1263 fiduciam,
868 1209 937 1251 non
953 1189 1105 1253 minuere
1120 1188 1179 1251 sed
1195 1209 1318 1273 augere

207 1293 325 1376 pocius
343 1312 554 1358 censeamur.

296 1470 367 1535 Nos
392 1471 496 1555 igitur
521 1470 741 1554 magistatem
767 1478 919 1534 vestram
946 1470 1222 1545 sacratissimam,
1249 1492 1316 1555 que
1357 1469 1502 1545 Wegrant

207 1595 269 1639 nos
303 1581 338 1638 et
372 1575 548 1638 ecclesiam
584 1582 738 1639 nostram
774 1575 964 1657 predictam
999 1595 1133 1658 semper
1165 1576 1315 1660 graciose
1339 1550 1517 1651 {mxii}

110 1667 115 1672 ⁸
206 1679 331 1743 intueri
369 1664 530 1763 dignatus
568 1683 630 1752 est,
671 1684 751 1742 ante
790 1679 906 1742 oculos
944 1680 1121 1754 habentes,
1161 1680 1314 1743 omnium
1359 1669 1500 1784 ίῗῃὲῌςξζῑῑ

205 1783 397 1859 missarum,
421 1783 631 1858 oracionum‚
654 1782 869 1858 ieiuniorum,
893 1783 1097 1868 vigiliarum,
1122 1784 1314 1868 disciplina·
1328 1774 1527 1866 praye'rsse'te..

205 1908 292 1963 rum,
315 1888 618 1962 abstinenciarum,
641 1887 914 1961 elemosinarum,
937 1895 971 1951 et
992 1887 1149 1951 laborum
1170 1894 1314 1952 ceteror-

205 2013 349 2077 rumque
381 1994 550 2056 bonorum
582 2011 725 2075 operum
757 2012 824 2076 que
857 2012 916 2075 per
947 2013 1009 2056 nos
1041 1998 1075 2056 et
1107 2013 1314 2057 successores

204 2104 350 2173 nostros,
394 2103 592 2181 ceterosque
636 2096 826 2162 Canonicos
870 2097 1059 2161 confratres
1102 2103 1236 2161 nostros
1279 2105 1313 2162 et

204 2202 378 2266 ministros
399 2203 433 2266 in
455 2202 582 2266 Eccl'ia
602 2202 676 2265 n'ra
697 2201 780 2265 Coll.
803 2201 959 2286 predicta
979 2202 1139 2286 imperari
1160 2208 1222 2266 aut
1243 2202 1314 2267 fieri

204 2307 388 2372 clemencia
416 2306 614 2380 Saluatoris,
645 2312 718 2369 tam
747 2306 781 2368 in
810 2306 886 2369 vita
913 2326 1019 2390 quam
1048 2312 1126 2389 post
1154 2312 1312 2382 mortem,

204 2412 479 2476 communionem
506 2417 541 2475 et
568 2410 872 2495 participacionem
899 2417 1113 2494 perpetuam,
1141 2418 1313 2495 quantum

204 2535 283 2579 cum
310 2515 383 2579 Deo
409 2535 601 2599 possumus
629 2514 808 2578 deuocioni
835 2522 948 2578 vestre
976 2515 1208 2598 Xpianissime
1234 2537 1312 2580 con-

204 2619 357 2684 cedimus
382 2625 416 2683 et
442 2640 503 2703 per
527 2624 701 2704 presentes
726 2619 918 2704 elargimur,
946 2619 1148 2703 adiicientes
1173 2621 1313 2685 nichilo-

204 2724 318 2788 minus
332 2730 367 2787 et
382 2724 538 2807 ampliori
552 2744 619 2808 que
633 2723 788 2787 valemus
802 2724 994 2809 graciarum
1009 2724 1146 2788 accione
1160 2724 1312 2809 benigni-

204 2836 314 2894 tatem
332 2837 483 2894 vestram
501 2829 749 2894 serenissimam
767 2829 991 2912 spiritualiter
1007 2835 1252 2912 prosequentes
1270 2849 1311 2892 ex

203 2935 358 2999 vnanimi
370 2955 536 2999 consensu
549 2935 776 2999 concessimus
788 2938 822 2996 et
835 2953 896 3016 per
907 2939 1082 3016 presentes
1094 2935 1312 2999 concedimus
1361 2893 1494 3023 {22th

203 3039 297 3124 quod
314 3039 349 3104 in
367 3039 521 3123 qualibet
540 3039 718 3123 principali
736 3038 840 3102 missa
858 3037 902 3101 ad
920 3038 1031 3102 maius
1049 3040 1120 3103 siue
1138 3061 1311 3106 summum
1335 3026 1513 3143 mlgffqssjssl'ffle

204 3144 311 3208 altare
335 3144 459 3208 Eccl'ie
482 3145 553 3208 n're
576 3143 698 3228 Colleg.
724 3143 876 3226 predicte
900 3162 960 3225 per
982 3143 1131 3228 aliquem
1154 3151 1311 3209 nostrum
1351 3132 1415 3222 lugu
1429 3161 1501 3210 altar

203 3249 258 3314 vel
308 3269 541 3314 successorum
592 3254 788 3313 nostrorum
839 3253 901 3311 aut
952 3248 1057 3312 alium
1108 3251 1311 3315 canonicum
1325 3226 1525 3359 {ffifflffffffssigd

204 3354 411 3418 confratrem
442 3360 599 3418 nostrum
630 3374 690 3417 seu
720 3352 916 3417 ministrum
952 3372 1192 3437 quemcunque
1228 3354 1311 3418 cele·
1350 3361 1398 3408 the
1411 3362 1501 3438 Ικίτιεεέ

204 3458 337 3522 branda
366 3459 540 3522 celebrans
569 3458 640 3541 ipse
670 3458 866 3542 quicunque
896 3477 958 3540 pro
988 3462 1142 3541 tempore
1171 3459 1311 3543 singulis
1409 3429 1445 3478 ue

204 3559 325 3625 diebus
366 3561 512 3627 durante
553 3562 627 3626 vita
668 3567 784 3625 vestra
825 3581 887 3645 pro
928 3562 1156 3626 sacratissime
1197 3569 1312 3626 vestre

204 3665 397 3750 magistatis
427 3666 538 3731 salute
569 3673 604 3730 et
635 3665 873 3730 incolumitate
899 3686 1130 3751 prosperoque
1156 3673 1252 3732 statu
1278 3673 1312 3730 et

205 3768 293 3832 felici
313 3789 469 3834 successu
489 3770 711 3853 solempniter
731 3775 765 3832 et
786 3791 866 3834 cum
887 3776 971 3834 nota
990 3771 1079 3854 leget
1100 3779 1134 3835 et
1156 3772 1312 3836 cantabit

204 3874 397 3938 oracionem
415 3881 627 3959 sequentem.

292 4053 485 4138 Quesumus
504 4054 732 4137 Omnipotens
753 4053 849 4116 Deus
869 4058 909 4115 vt
929 4072 988 4116 rex
1009 4059 1125 4117 noster
1145 4054 1314 4120 Henricus
1346 4077 1401 4126 this
1414 4077 1515 4141 special

204 4157 388 4242 Septimus
405 4157 465 4242 qui
482 4163 544 4226 tua
559 4157 779 4221 miseracione
795 4157 888 4241 regni
904 4158 1054 4241 suscepit
1069 4159 1312 4242 gubemacula‚
1375 4145 1481 4200 ⁰⁰¹¹⁹⁰t'

202 4262 374 4326 virtutum
395 4261 562 4346 percipiat
585 4262 806 4337 incrementa,
829 4261 956 4346 quibus
978 4261 1139 4327 decenter
1159 4271 1313 4341 omatuS,

202 4365 370 4430 viciorum
417 4366 616 4450 voraginem
664 4365 830 4441 deuitare,
880 4366 1029 4449 corporis
1077 4367 1314 4434 incolumitate

201 4469 360 4554 gaudere,
388 4471 504 4534 hostes
532 4490 702 4554 superare,
729 4477 764 4534 et
790 4470 824 4535 in
851 4471 1037 4554 tranquilla
1061 4492 1146 4555 pace
1171 4472 1254 4538 dum
1280 4475 1314 4540 in

201 4574 362 4638 humanis
409 4580 488 4660 aget
535 4574 658 4650 vitam,
706 4574 850 4639 feliciter
895 4575 1004 4659 possit
1050 4597 1113 4641 sua
1159 4584 1316 4663 tempora

202 4677 420 4762 pertransire,
442 4685 494 4754 vt,
516 4685 595 4762 post
616 4677 718 4742 huius
737 4678 810 4742 vite
831 4677 1023 4755 decursum,
1045 4680 1090 4744 ad
1111 4687 1145 4744 te
1165 4682 1225 4766 qui
1245 4682 1314 4759 via,

200 4783 340 4860 veritas
365 4789 401 4847 et
424 4783 499 4849 vita
522 4802 567 4858 es,
592 4782 765 4870 graciosus
788 4782 904 4847 valeat
927 4784 1114 4867 peruenire,
