3392 5650
318 691 380 775 146
601 691 679 755 Tur
705 690 860 754 lucrrur
885 689 1131 755 Manuscurer.

316 871 591 936 contradiccione
626 870 772 935 salueret
808 876 842 933 et
877 875 1097 953 supportaret
1131 869 1196 933 sub
1230 888 1319 951 pena
1352 887 1427 950 pre-

317 977 496 1041 nominata
517 1029 522 1040 .
545 1028 551 1040 .
573 1028 580 1040 .
601 974 765 1059 Magistro
783 973 894 1037 Alano
912 972 1075 1036 Newerke
1094 978 1178 1036 tunc
1195 970 1428 1036 commissario

319 1079 482 1164 Magistro
514 1079 627 1143 Will'o
660 1078 785 1142 Cawod
817 1084 852 1141 et
887 1077 1050 1162 Magistro
1082 1075 1195 1140 Adam
1228 1076 1427 1149 Fenrother‚

319 1183 574 1258 residcnciariis,
611 1189 645 1246 et
682 1183 763 1246 d'no
799 1182 960 1265 Johanne
996 1182 1102 1256 Deen,
1141 1180 1286 1245 Rectore
1322 1179 1427 1256 chori,

320 1288 545 1371 presentibus.

135 1458 200 1507 niso
214 1458 278 1506 that
408 1452 497 1515 ltem
518 1451 715 1516 ordinatum
740 1458 813 1515 erat
836 1451 1011 1515 communi
1036 1470 1174 1514 assensu
1199 1456 1234 1515 et
1261 1470 1428 1514 consensu

128 1525 279 1654 effigi„
319 1553 490 1620 dictorum
534 1555 751 1628 vicariorum,
798 1574 861 1637 pro
906 1574 941 1617 se
986 1560 1020 1617 et
1065 1554 1314 1618 successoribus
1358 1554 1428 1618 suis

132 1658 277 1733 sbarrcon-
319 1659 464 1733 vicariis,
491 1659 585 1743 quod
609 1659 754 1743 quilibet
780 1659 928 1723 vicarius
954 1659 1045 1722 dicte
1070 1657 1207 1722 ecclesie
1232 1658 1427 1743 Collegiate,

122 1726 285 1841 {lfussdl'}
319 1762 353 1825 in
373 1763 483 1845 primo
503 1763 654 1847 ingressu
674 1784 747 1838 su0,
769 1764 840 1826 sine
861 1763 977 1847 aliqua
996 1762 1271 1827 contradiccione
1290 1763 1428 1826 realiter

112 1859 293 1934 silverspoon
317 1866 464 1931 solueret
508 1866 572 1949 vjs.
619 1868 715 1950 viijd.
762 1867 1002 1952 sterlingorum
1047 1872 1081 1928 et
1126 1888 1234 1931 vnum
1278 1866 1428 1930 cocleare

139 1940 213 1989 pnce
229 1939 266 1973 κε.
317 1978 517 2055 argenteum
543 1992 632 2054 pree,
661 1972 712 2055 ijs.
740 1992 802 2055 pro
828 1992 891 2035 suo
917 1979 1084 2055 perpetuo
1110 1970 1306 2036 memoriale
1332 1977 1367 2034 et
1393 1971 1427 2035 in

316 2078 633 2160 recompensacione
644 2082 835 2139 ceterorum
846 2074 1046 2139 vtensilium
1057 2075 1184 2139 ibidem
1195 2076 1426 2139 inuentorum.

313 2276 363 2340 όο.
429 2268 516 2352 (216)
575 2267 833 2331 Parurrrorun
873 2282 1109 2330 rnrrruarun
1147 2283 1216 2330 Pru
1257 2283 1426 2331 ouorunu

358 2373 658 2437 Crsruucrrusrn.

164 2530 239 2577 1390,
403 2515 607 2579 Bonefacius
632 2515 707 2596 (ixls
724 2513 876 2595 inserted)
897 2513 1097 2596 Episcopus,
1116 2534 1234 2578 seruus
1250 2534 1427 2578 seruorum

146 2584 256 2737 A&
317 2620 391 2695 Dei,
425 2620 558 2683 dilectis
589 2618 666 2681 filiis
698 2617 866 2682 uniuersis
897 2617 1094 2680 Abbatibus
1125 2623 1159 2680 et
1192 2617 1428 2682 Conuentibus

317 2724 398 2788 Cist.
427 2724 555 2787 ordinis
581 2744 641 2806 per
667 2742 809 2806 regnum
836 2721 956 2806 Anglie
982 2722 1191 2817 constitutis
1219 2721 1427 2786 salutemet

318 2829 542 2913 apostolicam
594 2827 882 2892 benediccionem.
939 2826 1004 2890 Pro
1050 2827 1243 2890 reuerencia
1288 2827 1428 2912 virginis

317 2933 460 3018 gloriose
485 2933 665 3017 genetricis
692 2932 755 2995 Dei
783 2932 899 3006 Mane,
927 2932 981 2995 cui
1008 2932 1179 3014 preclarus
1206 2931 1290 2996 ordo
1315 2938 1430 2996 vester

318 3037 510 3120 specialiter
550 3037 730 3101 dedicatus
770 3056 841 3099 esse
882 3035 1088 3111 denoscitur,
1130 3056 1170 3099 ac
1209 3056 1271 3118 pro
1311 3035 1428 3101 multis

318 3142 549 3206 laudabilibus
570 3141 693 3204 vestris
714 3140 844 3204 meritis
866 3141 992 3224 quibus
1013 3140 1184 3204 virtutum
1207 3140 1285 3204 dnic
1304 3137 1374 3221 (sic)
1394 3145 1428 3204 et

319 3247 504 3329 apostolice
531 3245 603 3308 sedi
630 3244 866 3327 multipliciter
892 3243 1124 3328 complacetis,
1154 3245 1299 3310 humiles
1326 3245 1428 3310 deuo-

231 3338 233 3341 ’
319 3351 426 3414 cionis
465 3356 577 3413 vestre
617 3369 732 3433 preces
776 3370 857 3412 aure
902 3350 1050 3434 benigna
1088 3351 1258 3434 suscipere
1297 3357 1331 3414 et
1371 3351 1428 3434 pio

320 3454 524 3517 dilectamur
552 3453 678 3517 affectu
708 3452 890 3516 efficaciter
918 3453 1116 3536 adimplere,
1147 3454 1226 3517 hinc
1254 3459 1306 3518 est
1335 3455 1427 3538 quod

124 3593 292 3657 Exemption
320 3578 392 3631 nos,
433 3558 556 3621 vestris
596 3557 908 3641 supplicacionibus
948 3558 1113 3632 inclinati,
1155 3564 1194 3621 vt
1235 3558 1278 3622 de
1318 3559 1426 3634 terris,

131 3661 281 3724 frompay-
320 3662 438 3745 pratis,
467 3662 681 3737 tenementis
709 3662 989 3744 possessionibus,
1016 3661 1121 3736 siluis,
1149 3662 1365 3739 animalibus,
1393 3669 1427 3727 et

148 3727 267 3844 ntrleplrltesof
321 3767 421 3829 rebus
452 3765 526 3828 aliis
564 3765 825 3849 quibuscunque
862 3765 904 3828 de
942 3766 1068 3849 quibus
1099 3766 1181 3830 dum
1209 3767 1244 3830 in
1268 3767 1428 3831 manibus

200 3881 202 3884 ’
321 3870 444 3934 vestris
478 3869 605 3933 tuerint
640 3891 660 3933 a
695 3871 907 3953 prestacione
942 3869 1162 3944 decimarum,
1199 3890 1259 3953 per
1293 3871 1428 3935 indulta

321 3975 423 4039 sedis¹
460 3974 646 4057 apostolice
682 3974 887 4058 priuilegiati
924 3974 1004 4038 estis
1039 3974 1094 4038 vel
1127 3974 1289 4057 exempti,
1326 3975 1353 4037 si
1389 3995 1429 4038 ea

321 4079 534 4143 concessistis
560 4079 615 4141 vel
641 4078 834 4142 concedetis
860 4080 894 4142 in
921 4085 1096 4163 posterum
1123 4079 1197 4142 aliis
1223 4079 1267 4143 ad
1294 4078 1428 4143 firmam

321 4204 471 4247 annuam
511 4184 772 4266 procurandam,
812 4184 895 4248 dum
934 4190 1050 4247 tamen
1088 4183 1121 4248 in
1160 4183 1227 4267 hijs
1265 4183 1428 4247 alienacio

320 4294 487 4371 perpetua
505 4308 573 4351 non
592 4288 730 4361 existat,
749 4289 863 4352 nullus
881 4309 901 4352 a
919 4288 1018 4352 vobis
1036 4288 1091 4351 vel
1109 4289 1153 4351 ab
1172 4288 1253 4370 ipsis
1271 4287 1428 4352 firmariis

319 4392 442 4455 vestris
479 4391 628 4455 decimas
664 4391 718 4455 vel
755 4392 927 4474 primicias
964 4393 1095 4477 exigere
1132 4390 1186 4454 vel
1223 4397 1428 4475 extorquere

319 4501 505 4580 presumat,
528 4516 591 4559 nec
613 4496 657 4559 ad
680 4496 780 4560 huius
802 4497 1010 4560 solucionem
1033 4495 1290 4580 prescripcionis
1313 4495 1425 4570 titulo,

319 4606 380 4664 aut
397 4598 519 4683 quouis
536 4599 602 4662 alio
619 4599 690 4663 iure
706 4621 765 4665 seu
782 4602 893 4664 colore
910 4601 1078 4686 acquisito
1095 4605 1176 4664 ante
1192 4600 1254 4664 hec
1271 4605 1428 4674 tempora

390 4795 397 4816 ¹
416 4789 472 4838 MS.
489 4789 538 4838 has
555 4796 569 4811 ‘¹
581 4790 682 4841 cedis.''
