3392 5650
576 744 669 809 Acrs
692 761 738 809 or
761 744 940 811 Cnxprnn.
1250 763 1311 828 193

205 923 424 998 continentis,
446 923 638 987 faciendam
659 930 693 986 et
714 924 951 1008 exequendam
972 930 1005 988 et
1026 925 1171 988 fideliter
1190 925 1312 1008 perim-

204 1028 377 1111 plendam,
401 1027 542 1091 dilectos
564 1027 599 1091 in
620 1048 690 1110 xpo
711 1028 807 1091 d'nm
829 1027 966 1110 Joh'em
989 1030 1083 1092 Dene
1105 1029 1312 1093 confratrem

204 1153 329 1207 meum,
371 1132 508 1215 Job’em
548 1132 659 1215 Pygot
699 1125 924 1216 Armigerum,
966 1139 1001 1196 et
1040 1133 1135 1197 d’nm
1175 1133 1311 1216 Joh'em

206 1236 371 1310 Redenes,
386 1236 612 1319 capellanum,
627 1236 748 1299 ordino
761 1242 795 1299 et
809 1237 983 1300 constituo
996 1243 1193 1301 executores
1206 1256 1309 1301 meos

204 1341 250 1404 Et
279 1340 420 1404 cuilibet
451 1340 636 1404 eorundem
667 1340 1004 1404 administracionem
1034 1341 1069 1404 in
1099 1341 1197 1404 bonis
1227 1341 1311 1404 meis
1325 1347 1391 1394 each
1406 1349 1436 1393 to
1452 1346 1525 1395 have

203 1444 402 1528 suscipienti
431 1450 465 1507 et
494 1443 715 1518 ministranti,
745 1444 837 1507 vltra
865 1464 1036 1508 summam
1064 1445 1219 1528 superius
1246 1445 1310 1508 sibi
1394 1426 1451 1473 40⁸·

203 1549 363 1632 legatam,
381 1548 426 1612 do
441 1554 476 1611 et
491 1547 566 1632 lego
582 1548 617 1610 xl
632 1548 741 1622 solid,
759 1547 913 1631 dansque
929 1553 963 1611 et
980 1549 1168 1612 concedens
1184 1549 1311 1612 eisdem

203 1653 443 1717 executoribus
466 1652 550 1715 meis
575 1651 616 1715 de
640 1652 915 1735 quibuscumque
939 1653 1037 1716 bonis
1062 1659 1096 1716 et
1120 1653 1252 1717 catallis
1276 1660 1311 1717 et

203 1757 384 1821 domorum
417 1743 620 1819 vtensilibus
653 1756 737 1819 meis
770 1756 960 1820 vendendis
993 1777 1210 1840 quecumque
1244 1758 1309 1821 sibi

202 1861 311 1936 vtilia,
356 1860 545 1924 secundum
581 1879 697 1924 eorum
734 1880 852 1924 veram
889 1860 1075 1925 dumtaxat
1111 1868 1146 1925 et
1181 1862 1310 1926 iustam

203 1964 505 2048 appreciacionem,
527 1963 662 2026 emendi
682 1963 824 2027 liberam
845 1965 1058 2029 facultatem.
1106 1966 1152 2029 Et
1172 1966 1311 2048 insuper
1335 1978 1469 2041 MaJority
1483 1978 1512 2026 or

202 2069 281 2133 volo
309 2075 343 2132 et
371 2068 490 2132 ordino
518 2067 611 2151 quod
639 2068 666 2130 si
694 2067 838 2131 forsitan
866 2068 900 2131 in
929 2075 1056 2133 euentu
1084 2069 1173 2133 inter
1200 2070 1310 2133 dictos
1323 2047 1524 2159 {ffgfffigs‘ss

203 2179 400 2236 executores
422 2192 517 2235 meos
539 2171 715 2235 occasione
738 2172 1049 2237 administracionis
1072 2193 1132 2238 sue
1154 2174 1188 2236 in
1211 2174 1310 2238 bonis
1331 2178 1360 2225 οἱ
1377 2178 1514 2241 question.

202 2277 286 2340 meis
303 2276 415 2360 alique
431 2275 661 2340 controuersia
678 2275 805 2340 fuerint
821 2277 997 2351 suscitate,
1014 2277 1108 2361 quod
1124 2278 1310 2342 eorundem

202 2387 423 2445 executorum
443 2380 581 2444 maioris
600 2380 709 2463 partis
728 2380 872 2444 arbitrio
891 2382 1030 2445 omnino
1050 2387 1162 2445 stetur
1183 2382 1252 2465 (sic)
1276 2388 1310 2445 et

202 2486 269 2549 fine
302 2485 419 2548 debito
452 2484 665 2548 terminetur.
714 2484 826 2548 Huius
860 2491 977 2548 autem
1011 2486 1210 2550 testamenti
1244 2486 1310 2549 mei

202 2588 452 2672 superuisorem
476 2587 597 2651 ordino
621 2594 655 2651 et
680 2588 855 2651 constituo
881 2588 993 2652 Ric'm
1018 2588 1060 2652 de
1085 2588 1229 2664 Norton,
1256 2589 1310 2652 cui
1357 2577 1493 2693 {lnpess‘t'ff

203 2694 247 2758 do
265 2699 299 2756 et
316 2693 391 2775 lego
408 2712 514 2755 vnam
531 2691 664 2774 peciam
682 2691 885 2756 deauratam
903 2713 981 2756 curn
999 2693 1125 2757 circulo
1142 2694 1309 2776 veprium,
1342 2712 1507 2772 supervisor.

203 2803 237 2861 et
253 2796 444 2882 Aquarium
460 2816 575 2860 meum
591 2794 807 2871 deauratum,
824 2795 971 2860 eundem
989 2796 1100 2860 Ric’m
1115 2796 1311 2881 supplicans

203 2902 374 2966 attencius
387 2907 422 2964 et
435 2900 560 2964 deuote
573 2906 745 2984 quatenus
759 2921 845 2964 onus
859 2901 1102 2984 superuisionis
1116 2901 1311 2966 huiusmodi

202 3008 236 3070 in
262 3027 297 3070 se
322 3004 477 3068 caritatis
495 3004 634 3089 intuitu
659 3004 819 3089 dignetur
843 3005 1001 3088 recipere,
1029 3011 1063 3068 et
1088 3005 1230 3089 prefatis
1255 3026 1312 3068 ex-

202 3109 398 3173 ecutoribus
423 3108 506 3171 meis
530 3108 600 3171 suis
624 3108 752 3171 auxilio
776 3113 810 3171 et
835 3108 975 3171 consilio
1000 3108 1253 3191 circumspectis
1277 3109 1312 3172 in

203 3214 270 3297 hijs
288 3233 355 3297 que
373 3212 516 3276 celerem
535 3217 570 3275 et
589 3211 744 3275 debitam
763 3212 1002 3276 execucionem
1022 3213 1188 3295 presentis
1207 3218 1312 3276 testa-

203 3318 311 3381 menti
346 3317 412 3380 mei
447 3321 658 3379 concernunt
694 3315 907 3399 temporibus
942 3316 1121 3400 oportunis
1156 3316 1312 3380 assistere
1397 3360 1402 3369 -

202 3421 363 3506 graciose.
412 3420 453 3483 ln
466 3440 614 3503 quorum
628 3420 782 3484 omnium
796 3426 831 3483 et
845 3420 1056 3504 singulorum
1070 3421 1312 3504 premissorum

205 3525 441 3589 testimonium
479 3530 584 3607 atque
621 3523 724 3587 fidem
761 3524 909 3607 sigillum
946 3545 1061 3588 meum
1098 3525 1313 3608 presentibus

206 3629 360 3713 apposui,
399 3628 615 3713 presentibus
652 3628 741 3691 d’nis
779 3628 879 3692 Ric’o
916 3627 1091 3691 Vlneskelf
1128 3634 1162 3691 et
1200 3628 1313 3693 Will'o

206 3733 366 3807 Welwek,
391 3732 529 3815 vicarijs
551 3732 645 3795 chori
668 3732 747 3796 eccl.
773 3732 876 3796 Ebor.
902 3738 936 3795 et
958 3731 1058 3814 Joh'e
1079 3732 1313 3816 Wyttyngton

206 3835 382 3920 Armigero
406 3835 552 3899 testibus
576 3835 620 3899 ad
644 3835 810 3918 premissa
832 3835 965 3899 vocatis
988 3842 1022 3899 et
1046 3835 1182 3919 rogatis.
1231 3835 1311 3899 Dat.

207 3941 300 4023 apud
334 3940 437 4004 Ebor.
473 3939 578 4003 tercio
612 3939 667 4002 die
701 3939 877 4002 Februarii
910 3939 1012 4002 Anno
1046 3938 1124 4003 D’ni
1160 3939 1314 4004 Mill'imo

207 4044 530 4128 quadragentesimo
549 4043 681 4106 decimo
700 4064 802 4107 non0.

1345 3605 1504 3653 witnesses.

518 4223 606 4307 (286)
636 4224 797 4307 (Probate
820 4230 858 4288 at
882 4224 1002 4304 Yorkl.

295 4367 336 4430 In
378 4366 441 4429 Dei
483 4365 631 4440 nomine,
674 4365 795 4429 Amen.
842 4363 1009 4428 Admissis
1050 4365 1313 4448 probacionibus
1366 4402 1489 4450 1419-20‚

206 4491 308 4555 super
335 4470 484 4534 factione
512 4469 711 4533 testamenti
740 4468 944 4532 venerabilis
971 4467 1035 4532 viri
1064 4468 1181 4552 Mag’ri
1211 4469 1313 4534 Will'i
1363 4456 1431 4504 Mar.
1447 4468 1489 4516 23-

206 4575 331 4639 Cawod
359 4574 541 4639 confratris
568 4580 602 4638 et
630 4573 785 4637 canonici
813 4572 922 4636 nostri
949 4573 1165 4656 presentibus
1191 4573 1315 4637 litteris

206 4680 332 4743 nostris
347 4679 483 4754 annexi,
498 4678 611 4762 ipsum
627 4683 876 4741 testamentum
891 4677 956 4740 rite
970 4677 1102 4740 factum
1116 4682 1150 4740 et
1165 4677 1315 4761 legitime

206 4784 393 4868 probatum
406 4783 684 4866 pronunciamus,
698 4781 938 4845 executoribus
951 4781 987 4844 in
999 4779 1093 4845 dicto
1105 4787 1315 4846 testamento

383 4916 420 4978 ¹3
