3392 5650
634 694 728 758 Acrs
751 712 796 759 or
820 694 999 761 Cnnrrsn.
1308 712 1370 778 291

258 873 360 937 nibus
390 873 553 957 predictis
583 894 644 956 per
674 874 788 957 ipsum
819 874 922 938 factis
954 881 988 938 et
1020 875 1165 938 decretis
1196 875 1241 938 ad
1272 894 1370 939 suam
1455 876 1514 952 Tne

256 977 421 1041 reducens
466 978 677 1052 memoriam,
726 978 770 1042 ad
816 978 1011 1043 mansiones
1057 979 1282 1063 prebendales
1328 978 1370 1043 de
1401 944 1566 1058 {gemiti

255 1082 402 1166 Thorpe,
442 1082 616 1164 Stodelay‚
657 1082 827 1146 Nunwike
866 1089 901 1162 et
940 1083 1109 1147 Monkton
1147 1083 1371 1166 personaliter
1403 1074 1561 1199 miiitirisns,

256 1186 419 1250 accedens
446 1187 481 1249 in
506 1186 682 1269 presencia
708 1188 1022 1270 suprascriptorum
1050 1188 1093 1251 M.
1122 1188 1252 1251 Thome
1279 1187 1369 1251 Bak-
1402 1208 1560 1273 personany

255 1292 368 1354 howse
395 1311 436 1354 ac
463 1290 676 1355 diuersorum
704 1292 942 1355 ministrorum
971 1293 1063 1355 Eccl.
1094 1292 1174 1356 Coll.
1204 1292 1367 1375 predicte,
1390 1275 1573 1405 Ῐῐὲξξζξξᾰξξθ

255 1400 290 1459 et
309 1393 436 1458 ibidem
456 1395 508 1469 de,
528 1395 573 1469 in,
592 1400 626 1458 et
646 1415 748 1478 super
766 1395 968 1470 defectibus
991 1395 1312 1479 dilapidacionibuS,
1333 1402 1368 1460 et
1426 1410 1534 1464 nomes,

207 1555 211 1562 .
255 1499 517 1563 ruinositatibus
531 1499 718 1563 earundem
733 1500 952 1564 Mansionum
968 1506 1003 1563 et
1017 1500 1227 1564 edificiomm
1241 1500 1368 1564 eisdem

255 1602 514 1686 pertinencium,
543 1603 744 1688 diligentem
770 1604 871 1668 iuxta
897 1604 1054 1668 debitum
1081 1604 1180 1687 officij
1209 1605 1263 1668 sui
1288 1604 1369 1669 fecit
1412 1628 1467 1676 and
1481 1626 1553 1675 finds

256 1707 531 1792 Inquisicionem,
553 1728 738 1791 perquam
758 1707 912 1791 predicte
934 1709 1127 1772 Mansiones
1146 1708 1370 1791 prebendales
1401 1696 1565 1743 thatsome-

255 1817 290 1876 et
309 1811 442 1876 edificia
460 1811 508 1874 eis
527 1811 738 1894 pertinencia
757 1812 794 1875 in
813 1813 986 1877 nonnullis
1006 1813 1191 1877 eorundem
1210 1813 1369 1897 partibus
1382 1760 1580 1876 beiilndoiisin

255 1915 390 1980 racione
412 1914 610 1979 huiusmodi
632 1917 867 1980 monicionum
890 1938 1030 1981 suarum
1054 1937 1114 2001 per
1135 1918 1249 2000 ipsum
1271 1917 1306 1980 in
1329 1937 1370 1982 ea
1393 1891 1573 2024 iiliaiisffybit

255 2025 353 2103 parte
384 2020 540 2102 superius
571 2019 797 2095 decretarum,
830 2021 963 2085 inuenit
995 2021 1182 2085 reformata
1216 2021 1298 2104 (101)
1333 2027 1368 2086 et
1402 2028 1466 2076 tuat
1479 2025 1563 2074 much

255 2124 444 2197 meliorata,
472 2129 589 2188 tamen
613 2124 648 2187 in
671 2124 844 2208 aliquibus
866 2126 1052 2189 eorundem
1075 2126 1232 2209 partibus
1255 2125 1368 2190 adhuc
1400 2095 1563 2215 Γῖᾞῖἓζὲο

255 2228 388 2292 inuenit
428 2228 556 2293 multos
597 2228 751 2293 defectus
792 2230 1039 2305 reformandos,
1081 2236 1186 2313 prout
1227 2230 1367 2295 inferius
1434 2241 1464 2275 ³⁸
1477 2224 1531 2273 will

255 2332 401 2415 patebit
1189 2366 1194 2373 -
1431 2306 1535 2409 rtur

728 2438 890 2502 Trionis.

344 2566 385 2629 ln
406 2565 535 2649 primiS,
553 2566 713 2649 'prefatus
734 2568 778 2631 M.
802 2567 983 2631 Presidens
1004 2567 1153 2650 Capituli
1174 2588 1234 2651 per
1253 2568 1369 2631 huius·
1407 2562 1562 2694 ῗὲἐθέξέἲ

256 2670 350 2734 modi
375 2669 637 2754 inquisicionem
664 2671 796 2735 inuenit
825 2672 979 2735 defectus
1005 2671 1040 2735 in
1066 2671 1218 2756 quodam
1244 2692 1369 2755 magno
1395 2699 1465 2747 barn
1480 2697 1509 2744 1„
1522 2697 1571 2744 the

256 2774 345 2841 orrio
388 2774 583 2860 pertinente
627 2775 757 2860 Mag’ro
800 2776 951 2840 Will'mo
995 2775 1098 2852 Cook,
1144 2776 1370 2840 Decretorum
1396 2764 1457 2813 roos
1472 2764 1527 2812 ³¹¹⁶
1542 2762 1571 2810 ³¹¹

257 2881 410 2955 Doctori,
439 2880 611 2944 Canonico
639 2886 674 2943 et
702 2881 934 2945 Prebendario
963 2881 1139 2944 Prebende
1166 2881 1208 2944 de
1236 2881 1371 2963 Thorpe
1413 2833 1462 2880 the
1475 2831 1551 2887 ἀπ’

257 2990 412 3068 tempore
441 2984 677 3068 inquisicionis
705 2985 868 3068 predicte,
898 2985 962 3049 viz.
989 2986 1027 3049 in
1056 2990 1191 3049 tectura
1219 2984 1371 3048 eiusdem

257 3088 335 3171 orrij
372 3109 412 3152 ac
444 3087 552 3152 eciam
585 3089 619 3151 in
653 3089 809 3152 merimio
841 3089 958 3173 magni
991 3089 1068 3171 ostij
1105 3089 1267 3164 eiusdem,
1301 3109 1371 3152 vna

257 3213 336 3257 cum
372 3192 565 3256 defectibus
601 3198 635 3256 et
672 3193 894 3257 deformitate
930 3193 1159 3257 existentibus
1194 3193 1229 3256 in
1264 3192 1371 3256 muris
1402 3201 1461 3250 also
1475 3199 1504 3247 in
1516 3199 1565 3247 the

258 3297 403 3380 coquine
425 3296 578 3360 eiusdem
599 3297 783 3379 prebende,
806 3318 894 3381 quos
915 3317 997 3361 vero
1019 3297 1173 3361 defectus
1195 3317 1314 3361 omnes
1335 3303 1370 3362 et
1392 3265 1574 3390 wpptscplppne

257 3400 408 3485 singulos
440 3399 614 3483 predictos
646 3401 804 3484 prefatus
837 3402 881 3465 M.
917 3401 1096 3465 Presidens
1128 3401 1278 3466 iniunxit
1311 3421 1371 3485 per

257 3505 431 3589 prefatum
451 3505 496 3568 M.
518 3504 648 3568 Will’m
669 3505 762 3569 Cook
782 3506 908 3582 debite,
929 3507 1089 3590 perfecte,
1110 3511 1146 3570 et
1165 3506 1372 3571 sufficienter

257 3610 343 3674 citra
373 3610 501 3673 festum
534 3609 752 3673 Inuencionis
783 3611 908 3675 Sancte
938 3611 1054 3676 Crucis
1084 3631 1180 3694 prox.
1213 3611 1370 3675 futurum
1442 3607 1474 3652 *⁰
1486 3603 1520 3716 ¹1³0

256 3719 357 3796 post1
391 3713 510 3776 datam
542 3714 710 3796 presentis
739 3714 978 3799 Inquisicionis
1005 3714 1155 3798 reparari
1186 3715 1250 3779 sub
1281 3734 1371 3797 pena
1383 3683 1583 3800 Ῑξξῗξὲῐῡζῑὶῑξ

256 3817 487 3902 quadraginta
536 3817 724 3881 solidorum
774 3819 902 3882 fabrice
952 3818 1033 3883 eccl.
1085 3818 1166 3883 Coll.
1218 3818 1370 3901 predicte
1395 3803 1583 3918 {afflssd

258 3921 541 4006 applicandorum
565 3942 605 3984 ac
629 3921 672 3984 de
696 3922 866 3987 fructibus
890 3929 925 3986 et
949 3923 1175 4007 prouentibus
1198 3885 1400 4006 prebende⁴
1418 3908 1449 3985 ti>
1462 3883 1550 3984 fabric

258 4026 410 4109 predicte
425 4025 651 4089 leuandorum
671 4047 732 4109 per
748 4027 903 4091 debitam
922 4027 1232 4112 sequestracionem
1249 4047 1369 4090 eorun-
1395 4003 1464 4052 fund
1477 4003 1506 4051 ⁰¹
1521 4003 1570 4050 the

1421 4070 1544 4117 minster.

258 4130 337 4194 dem
357 4130 385 4193 si
406 4134 566 4213 oporteat
588 4131 797 4194 auctoritate
817 4131 990 4195 ordinaria
1011 4131 1090 4194 inde
1111 4131 1313 4195 faciendam.

711 4299 916 4363 Sronsrsr.

348 4427 436 4490 Item
475 4426 631 4509 prefatus
671 4428 715 4492 M.
757 4429 936 4492 Presidens
970 4428 1103 4492 inuenit
1142 4428 1297 4492 defectus
1335 4427 1370 4490 in
1408 4439 1520 4487 Defecu
1533 4438 1563 4486 in

259 4532 394 4596 duobus
439 4529 542 4594 orreis
588 4530 632 4595 M.
680 4533 810 4596 Thome
856 4532 1069 4616 Wilkynson,
1117 4532 1291 4596 Canonico
1336 4536 1371 4594 et
1384 4504 1582 4628 tppeparrposfgn

261 4634 491 4700 Prebendario
515 4635 689 4717 prebende
715 4638 757 4701 de
783 4638 946 4720 Stodeley
970 4643 1054 4701 tunc
1079 4637 1243 4721 temporis
1268 4635 1372 4719 perti·

332 4801 340 4824 ¹
359 4797 416 4846 ns,
442 4800 492 4847 nas
508 4801 523 4817 ¹·
534 4797 582 4867 ρκ’
