3392 5650
413 713 476 780 268
698 716 776 781 Tire
803 716 958 781 [ur-‚nrm
982 716 1229 783 Manoscmer.

412 894 620 959 solucionem
662 895 739 960 inde
781 895 852 959 fore
894 895 1043 960 fiendam
1084 896 1149 961 nisi
1191 898 1437 962 tantummodo
1479 895 1525 961 ad

413 1020 587 1064 summum
606 1000 714 1064 altare
733 1000 937 1084 predictum,
958 1001 1052 1084 quod
1070 1008 1198 1065 extunc
1217 1001 1412 1086 obligarunt
1431 1000 1525 1084 ipsos

414 1104 565 1168 Priorem
587 1111 621 1168 et
643 1105 748 1169 Conv.
771 1111 806 1168 et
827 1125 916 1169 succ.
940 1125 966 1169 S.
989 1105 1119 1169 soluere
1140 1106 1239 1170 nobis
1260 1106 1383 1190 pretat.
1406 1104 1463 1169 Ca.
1488 1110 1524 1168 et

412 1230 501 1274 succ.
526 1231 558 1274 n.
582 1210 734 1294 quinque
756 1230 889 1274 marcas
911 1208 1150 1294 sterlingorum
1173 1230 1235 1293 pro
1256 1210 1411 1294 quolibet
1434 1208 1524 1273 festo

413 1336 475 1399 pro
497 1337 567 1399 quo
589 1316 680 1399 ipsos
702 1315 847 1400 allegare
870 1314 1051 1398 contigerit
1074 1312 1227 1397 aliquam
1250 1312 1525 1398 acquietanciam

413 1421 467 1484 vel
488 1421 655 1505 scriptum
677 1421 817 1505 aliquod
839 1419 921 1484 alibi
942 1424 1085 1503 portans
1106 1417 1226 1482 datam
1246 1439 1352 1503 quam
1373 1418 1408 1482 in
1429 1417 1525 1481 dicta

413 1527 467 1591 d0.
491 1526 547 1591 Ca.
571 1526 649 1591 eccl.
673 1524 755 1590 Coll.
778 1526 820 1590 de
842 1525 967 1608 Ripon'
990 1523 1186 1607 supradicte
1206 1544 1266 1588 seu
1287 1523 1367 1587 alibi
1387 1522 1523 1598 liberat,

412 1652 518 1716 quam
551 1632 586 1695 in
619 1630 739 1695 eadem
773 1630 827 1695 do,
858 1631 915 1695 Ca.
946 1635 1007 1693 aut
1036 1627 1175 1711 aliquod
1203 1628 1296 1693 aliud
1329 1628 1365 1692 in
1400 1627 1452 1708 (90
1475 1629 1522 1711 v.)

413 1735 695 1799 exoneracionem
732 1735 915 1799 solucionis
952 1733 1035 1798 dicti
1073 1733 1178 1798 annui
1215 1732 1370 1797 redditus
1406 1732 1525 1798 decem

413 1861 607 1905 marcarum
625 1839 679 1903 vel
698 1839 840 1904 alicuius
859 1839 1004 1924 parcelle
1023 1838 1185 1913 eiusdem,
1205 1859 1264 1902 seu
1283 1837 1374 1902 dicte
1391 1859 1526 1903 summe

413 1945 643 2029 quadraginta
674 1944 861 2008 solidorum
889 1944 1026 2008 nomine
1054 1963 1151 2027 pene,
1181 1949 1242 2007 aut
1270 1942 1361 2007 dicte
1391 1963 1526 2007 summe

413 2050 565 2134 quinque
592 2069 786 2113 marcarum
812 2049 860 2112 sic
887 2047 1022 2112 racione
1049 2047 1265 2132 allegacionis
1291 2047 1525 2131 predictarum

413 2175 659 2229 concessarum,
677 2154 741 2218 nisi
759 2152 1004 2218 tantummodo
1020 2152 1294 2236 acquietanciam
1310 2152 1365 2215 vel
1384 2152 1526 2238 aliquod

413 2260 580 2345 scriptum
598 2265 741 2344 portans
760 2259 841 2323 Dat.
863 2257 972 2323 indo.
994 2257 1051 2322 Ca.
1072 2256 1282 2340 supradicta.

225 2432 280 2481 and
294 2446 374 2506 agree
505 2426 649 2492 Etcum
670 2424 776 2508 ijdem
793 2425 847 2489 Pr.
863 2430 898 2488 et
912 2423 1017 2488 Conu.
1033 2423 1171 2508 insuper
1180 2444 1241 2507 per
1253 2423 1344 2487 idern
1358 2423 1526 2508 scriptum

205 2499 391 2614 tnaftoqplqlm-
414 2551 515 2596 suurn
537 2536 776 2595 concesserunt
798 2529 892 2614 quod
914 2528 941 2592 si
964 2528 1057 2611 pred.
1083 2529 1138 2593 Pr.
1164 2534 1198 2592 et
1221 2528 1327 2593 Conu.
1351 2549 1412 2593 seu
1433 2549 1524 2593 succ.

206 2632 374 2747 halifgsstm
383 2697 400 2745 H
416 2656 441 2701 s,
460 2635 682 2720 allegauerint
699 2634 851 2718 aliquam
867 2632 970 2697 aliam
985 2633 1195 2697 solucionem
1211 2654 1317 2718 quam
1333 2632 1378 2697 ad
1394 2632 1527 2697 dietum

199 2715 285 2815 brion
298 2713 380 2820 veojii,l
416 2741 534 2815 altare,
566 2741 638 2805 siue
669 2738 808 2824 aliquod
839 2738 1006 2821 scriptum
1036 2739 1108 2803 siue
1140 2738 1414 2824 acquietanciam
1444 2738 1527 2802 alibi

413 2853 556 2930 portans
572 2845 644 2911 dat.
663 2864 769 2928 quam
785 2844 820 2908 in
837 2843 932 2907 dicta
949 2843 1004 2908 do,
1024 2843 1081 2909 Ca.
1100 2844 1143 2908 de
1160 2843 1297 2927 Ripon'‚
1315 2844 1370 2908 vel
1387 2844 1527 2928 aliquod

414 2948 507 3014 aliud
522 2970 583 3034 per
597 2949 688 3033 ipsos
703 2968 763 3012 seu
778 2968 923 3012 success.
942 2967 1021 3012 suos
1038 2947 1224 3032 allegatum
1240 2948 1294 3012 vel
1310 2949 1528 3033 allegandum

414 3054 516 3119 luerit
544 3053 578 3117 in
606 3052 888 3116 exoneracionem
915 3051 1098 3117 solucionis
1126 3053 1210 3117 dicti
1238 3054 1343 3118 annui
1371 3053 1528 3119 redditus

413 3159 531 3223 decem
571 3177 765 3221 marcarum
805 3157 860 3220 vel
901 3156 1043 3222 alicuius
1083 3157 1228 3242 parcelle
1268 3158 1420 3223 eiusdem
1461 3164 1524 3224 aut

414 3263 556 3328 alicuius
589 3261 734 3346 parcelle
767 3282 934 3345 penarum
966 3260 1209 3346 predictarum,
1244 3262 1339 3347 quod
1371 3283 1523 3328 vacuum

414 3369 459 3433 sit
478 3374 513 3432 et
531 3367 658 3432 nullius
677 3366 813 3451 vigoris.

235 3562 300 3610 that
318 3559 366 3608 the
505 3536 554 3600 Et
581 3536 613 3601 si
637 3534 832 3614 contingat,
859 3533 953 3617 quod
994 3533 1094 3610 absit,
1137 3535 1231 3618 quod
1271 3535 1352 3600 dict.
1396 3536 1450 3600 Pr.
1492 3541 1529 3599 et

226 3627 385 3744 ffilpffisse
417 3641 523 3705 Conu.
551 3660 611 3704 seu
637 3659 726 3703 succ.
754 3658 780 3702 s,
809 3637 1006 3713 defecerint,
1035 3644 1097 3702 aut
1126 3638 1249 3722 aliquis
1272 3659 1361 3704 succ.
1387 3658 1527 3704 suorum

201 3777 293 3826 power
306 3766 337 3810 to
349 3761 402 3809 nis·
418 3743 579 3808 defecerit
599 3743 633 3807 in
653 3742 824 3806 solucione
844 3741 937 3825 pred.
960 3743 1065 3807 annui
1086 3742 1241 3808 redditus
1260 3744 1378 3808 decem
1397 3764 1528 3809 marca-

261 3829 343 3885 Μ’
418 3869 504 3924 rum,
525 3847 580 3911 vel
600 3845 742 3911 alicuius
760 3845 905 3929 parcelle
925 3847 1087 3923 eiusdem,
1109 3848 1154 3912 ad
1174 3849 1262 3913 festa
1281 3849 1446 3932 predicta,
1467 3869 1528 3933 per

417 3952 569 4037 quinque
590 3950 801 4034 septimanas
822 3955 901 4034 post
923 3950 1063 4036 aliquod
1086 3953 1213 4018 testum
1236 3954 1526 4036 prenominatum,

416 4077 476 4121 seu
510 4056 545 4119 in
579 4054 752 4119 solucione
786 4054 868 4118 dict.
901 4057 1133 4141 quadraginta
1166 4058 1354 4123 solidorum
1388 4058 1528 4123 nomine

416 4180 502 4245 pene
533 4180 781 4235 concessorum,
813 4159 868 4222 vel
900 4159 934 4223 in
966 4162 1140 4242 solucione
1172 4162 1344 4227 dictarum
1375 4162 1529 4248 quinque

415 4283 608 4329 marcarum
627 4263 762 4328 racione
780 4263 996 4348 allegacionis
1015 4265 1170 4349 predicte
1189 4266 1223 4330 in
1243 4266 1355 4331 forma
1373 4267 1529 4352 predicta

415 4391 582 4446 concesse,
604 4376 732 4434 extunc
751 4371 837 4434 bene
857 4370 959 4434 liceat
979 4371 1079 4434 nobis
1099 4370 1261 4454 Capitulo
1281 4377 1315 4435 et
1335 4393 1424 4437 succ.
1446 4372 1528 4437 n'ris

415 4476 450 4539 in
461 4474 613 4538 manerio
624 4474 777 4557 ipsorum
789 4474 843 4538 Pr.
857 4480 892 4538 et
903 4473 1009 4555 Conu.
1024 4475 1066 4539 de
1078 4475 1249 4540 Ledeston
1261 4476 1295 4540 in
1307 4476 1528 4563 Westridyng

415 4581 450 4644 in
482 4579 575 4643 Corn.
609 4579 712 4642 Ebor.
746 4598 826 4642 cum
859 4578 982 4662 pertin.
1015 4579 1085 4644 suis
1113 4579 1251 4656 intrare,
1282 4587 1316 4644 et
1344 4581 1379 4646 in
1407 4582 1527 4648 eodem

415 4685 626 4768 distringere,
641 4689 676 4747 et
692 4683 927 4749 districciones
943 4685 991 4749 sic
1007 4690 1128 4768 captas
1144 4684 1323 4761 abducere,
1338 4692 1525 4769 asportare,

415 4795 450 4854 et
481 4788 641 4871 effugare,
670 4809 710 4852 ac
740 4808 844 4872 penes
871 4809 933 4853 nos
961 4789 1117 4865 retinere,
1145 4810 1325 4875 quousque
1352 4791 1452 4855 nobis
1482 4791 1526 4856 de
