3392 5650
365 711 429 776 ²04
648 694 727 759 Tur
752 694 907 759 Iuounv
932 693 1177 759 llnuuscnrrr.

364 874 556 948 salubriter,
572 880 745 938 annuente
760 873 920 948 Domin0,
935 873 970 937 in
981 873 1045 937 hoc
1055 893 1136 937 casu
1148 872 1251 935 luerit
1261 871 1467 936 ordinatum,

364 978 486 1042 Valeat
517 984 632 1042 vestra
663 978 862 1041 fraternitas
892 997 952 1061 per
982 983 1139 1060 tempora
1168 976 1330 1061 longiora.
1379 976 1472 1039 Data

364 1082 399 1145 in
424 1082 527 1145 domo
552 1088 670 1145 nostra
695 1081 883 1165 capitulari
909 1080 963 1145 die
988 1081 1101 1145 saboti
1115 1080 1284 1144 ¹videlicet
1310 1079 1472 1144 vicesimo

364 1186 475 1269 primo
500 1186 554 1250 die
580 1186 704 1250 mensis
730 1185 824 1269 Junij
854 1206 945 1250 anno
971 1185 1051 1249 D'ni
1078 1184 1219 1249 Mill'mo
1244 1183 1471 1269 quadringen-

365 1291 487 1356 tesimo
505 1291 666 1355 vicesimo
685 1290 842 1374 septim0,
864 1295 918 1354 ete.

566 1506 653 1588 (290)
680 1504 790 1568 Corra
815 1520 1051 1568 mouccroius
1075 1503 1270 1567 Caurnnrr.

452 1683 620 1748 Nouerint
639 1683 789 1747 vniuersi
808 1703 869 1767 per
887 1689 1061 1766 presentes
1079 1682 1173 1766 quod
1192 1703 1254 1746 nos
1273 1681 1471 1765 Capitulum

364 1789 501 1853 ecclesie
533 1786 717 1873 Collegiate
749 1788 842 1851 beati
875 1787 967 1851 Petri
1000 1787 1136 1870 Rypon’
1171 1788 1272 1851 Ebor.
1306 1786 1393 1851 dioc.
1427 1786 1472 1851 ad

364 1893 555 1957 cantariam
577 1898 780 1976 perpetuam
803 1893 904 1955 beate
926 1891 1031 1955 Marie
1054 1890 1201 1976 Virginis
1223 1890 1266 1955 de
1288 1890 1412 1974 Ripon’
1436 1890 1472 1954 in

364 1998 642 2081 Staynbryggate
674 2016 735 2079 per
766 1995 1033 2080 resignacionem
1066 1995 1137 2059 d’ni
1171 1994 1289 2059 Rob'ti
1323 1996 1472 2078 Rukeby

363 2101 476 2165 vltimi
500 2100 674 2185 Capeliani
698 2100 850 2164 eiusdem
874 2099 1032 2164 Cantarie
1052 2105 1245 2174 vacantem,
1263 2120 1330 2183 que
1353 2105 1405 2163 est
1429 2100 1472 2164 de

363 2212 551 2289 patronatu
589 2203 728 2268 Will'mi
767 2203 916 2289 Ingylby
953 2203 995 2267 de
1034 2202 1182 2287 Ryplay‚
1215 2202 1311 2269 d’nm
1343 2203 1471 2269 Will’m

364 2311 503 2394 Speton,
550 2308 782 2392 Capelianum,
823 2308 867 2372 ad
913 2308 1057 2372 eandem
1094 2309 1285 2372 cantariam
1320 2307 1471 2392 legitime

363 2419 600 2498 presentatum
616 2411 827 2487 admisimus,
844 2433 885 2476 ac
900 2412 1012 2495 ipsum
1028 2411 1251 2496 Capelianum
1265 2418 1471 2495 perpetuum

363 2517 576 2582 instituimus
611 2517 773 2581 canonice
807 2517 841 2579 in
876 2516 1014 2589 eadem,
1031 2516 1065 2579 in
1100 2516 1211 2580 forma
1244 2516 1472 2581 ordinacionis

363 2622 515 2686 eiusdem
551 2621 703 2685 cantarie
741 2621 841 2696 lacte,
881 2642 920 2684 ac
957 2620 1103 2684 eundem
1140 2619 1236 2684 d’nm
1272 2620 1401 2685 Will'm
1436 2621 1471 2684 in

363 2726 573 2810 corporalem
594 2726 841 2809 possessionem
862 2724 953 2788 dicte
974 2724 1133 2788 Cantarie
1153 2744 1232 2788 cum
1252 2724 1321 2788 suis
1342 2724 1472 2789 iuribus

364 2838 398 2894 et
419 2830 640 2915 pertinenciis
660 2830 828 2894 vniuersis
848 2828 1047 2893 induximus
1067 2829 1102 2892 in
1123 2828 1253 2893 eadem.
1314 2830 1355 2893 In
1376 2830 1472 2894 cuius

364 2936 410 2999 rei
444 2935 681 2999 testimonium
714 2933 862 3018 sigillum
895 2932 994 3015 officij
1030 2933 1138 2996 nostri
1172 2934 1387 3016 presentibus
1419 2940 1471 2998 est

364 3061 564 3124 appensum.
612 3039 706 3103 Data
725 3037 759 3102 in
776 3037 880 3101 domo
901 3043 1020 3102 nostra
1042 3037 1222 3120 capitulari
1244 3037 1394 3102 secundo
1416 3038 1471 3102 die

364 3144 488 3208 mensis
523 3142 678 3226 Januarij
716 3142 817 3206 Anno
853 3141 934 3206 D'ni
969 3141 1122 3205 Mill’imo
1157 3152 1271 3206 ccccmu
1299 3142 1470 3207 tricesimo

364 3248 525 3313 secundo

363 3435 412 3504 73.
577 3427 664 3509 (291)
691 3425 802 3489 Coun
825 3440 1061 3488 nvoucuoius
1085 3424 1249 3488 Vrcnnrr.

408 3593 582 3659 Vniuersis
606 3592 665 3676 xpi
688 3591 845 3656 fidelibus
869 3577 989 3675 pateat
1012 3611 1073 3674 per
1095 3597 1269 3674 presentes
1292 3592 1385 3676 quod
1408 3614 1471 3657 nos

364 3698 562 3783 Capitulum
595 3697 674 3761 eccl.
710 3696 791 3761 Coll.
827 3695 921 3760 beati
955 3695 1048 3759 Petri
1082 3695 1207 3779 Ripon'
1242 3697 1345 3761 Ebor.
1381 3696 1467 3761 dioc.

364 3804 460 3868 d'nm
470 3802 597 3867 Will’m
611 3801 747 3875 Bedale,
762 3799 994 3883 Capelianum,
1008 3799 1052 3863 ad
1062 3799 1227 3864 vicariam
1239 3800 1468 3865 Canonicatus

363 3907 534 3992 prebende
565 3906 607 3970 de
639 3906 807 3969 Monkton
838 3904 874 3969 in
904 3903 1045 3968 ecclesia
1076 3903 1200 3987 Ripon’
1233 3905 1375 3987 predict.
1408 3925 1469 3990 per

364 4011 629 4096 resignacionem
654 4009 725 4073 d'ni
750 4008 854 4073 Will’i
879 4009 1008 4092 Speton
1033 4007 1146 4071 vltimi
1170 4007 1287 4092 vicarij
1316 4009 1468 4074 eiusdem

363 4122 546 4181 vacantem
577 4121 611 4178 et
642 4113 687 4177 ad
716 4113 1009 4196 presentacionem
1037 4112 1156 4197 Mag'ri
1183 4112 1313 4177 Thome
1339 4114 1466 4197 Bryan,

364 4220 523 4285 Canonici
565 4218 643 4282 eccl.
685 4216 837 4301 predicte
878 4237 918 4281 ac
957 4215 1171 4299 prebendarij
1214 4218 1386 4300 prebende
1426 4218 1467 4282 de

365 4325 532 4388 Monkton
552 4323 585 4387 in
598 4322 728 4397 eadem,
742 4342 821 4386 vere
834 4320 986 4385 eiusdem
998 4320 1123 4384 vicarie
1141 4321 1288 4405 patroni,
1306 4323 1468 4386 canonice

364 4428 574 4503 admisimus
607 4448 646 4491 ac
677 4427 789 4510 ipsum
820 4425 916 4489 d’nm
947 4425 1074 4489 Will'm
1106 4425 1232 4488 Bedale
1263 4433 1468 4510 perpetuum

364 4533 530 4596 vicarium
556 4531 590 4595 in
617 4531 728 4594 forma
753 4529 1012 4594 constitucionis
1035 4529 1139 4613 legati
1162 4549 1264 4613 super
1287 4531 1352 4595 hoc
1377 4531 1469 4595 edite

363 4636 524 4702 canonice
551 4635 773 4709 instituimus,
802 4634 983 4718 ipsumque
1010 4633 1282 4717 incorporalem
1309 4636 1468 4719 possessi-

363 4762 464 4807 onem
502 4740 593 4805 dicte
630 4739 756 4804 vicarie
794 4737 1003 4813 induximus,
1042 4758 1121 4802 cum
1158 4738 1228 4802 suis
1265 4739 1396 4804 iuribus
1433 4746 1467 4805 et
