3392 5650
409 709 470 774 108
688 708 767 772 Tne
793 708 950 773 Inerrm'
973 707 1221 774 llnnuscmer.

404 887 566 972 steplede.
616 887 704 951 Item
725 887 758 950 in
779 907 856 951 cera
875 907 937 971 pro
957 887 1085 953 lumine
1103 886 1264 952 habendo
1283 885 1373 950 circa
1390 905 1519 969 corpus

406 1013 530 1066 meum,
548 1013 572 1055 v
589 992 633 1056 lb.
651 1012 735 1056 cero.
787 992 874 1055 Item
891 1012 953 1075 pro
965 991 1091 1056 debitis
1104 991 1188 1057 meis
1204 990 1331 1066 obIItis,
1344 989 1409 1074 iijs.
1428 988 1516 1074 iiijd.

407 1098 495 1161 Item
517 1096 591 1182 lego
613 1096 777 1160 ministris
798 1096 892 1160 chori
914 1096 993 1161 eccl.
1018 1095 1167 1180 Rypon’‚
1190 1095 1254 1179 vjs.
1278 1094 1375 1179 viijd.
1424 1094 1517 1159 Item

405 1202 502 1285 ponti
524 1201 643 1265 boriali
664 1200 706 1264 de
729 1201 828 1272 Yore.
852 1200 916 1285 iijs.
939 1199 1023 1284 iiijd.
1073 1200 1162 1265 Item
1182 1198 1339 1265 Galirido
1359 1199 1518 1274 Hermet‚

403 1306 475 1389 vjd.
525 1306 614 1371 Item
636 1305 748 1370 Rob'o
768 1305 902 1380 Cissori,
924 1304 996 1388 vjd.
1046 1305 1135 1371 Item
1156 1305 1231 1390 lego
1249 1303 1391 1370 cuilibet
1410 1302 1518 1368 filiolo

404 1432 491 1486 meo,
506 1410 590 1494 xijd.
640 1410 728 1474 Item
742 1409 816 1495 lego
829 1409 935 1474 Alicie
949 1409 1093 1475 Warner
1107 1408 1117 1493 j
1137 1410 1308 1493 cuwrtby¹
1326 1408 1369 1473 de
1385 1407 1515 1473 blueto.

405 1517 495 1580 Item
535 1515 646 1580 Isolde
685 1514 874 1598 Sclreplrird
912 1514 922 1597 j
964 1514 1119 1580 tunicam
1157 1513 1200 1578 de
1239 1514 1375 1579 Russet.
1424 1512 1517 1577 Item

405 1620 530 1706 Agneti
546 1619 666 1684 ancille
683 1639 757 1683 mee
772 1619 782 1702 j
802 1619 975 1694 couerlite,
992 1618 1002 1702 j
1022 1618 1174 1694 blanket,
1192 1625 1227 1682 et
1243 1617 1264 1701 ij
1283 1616 1515 1683 linthiamina.

405 1829 502 1904 ordii,
543 1828 655 1914 equali
697 1829 866 1912 porcione.
916 1827 1005 1892 Item
1045 1828 1119 1911 lego
1160 1826 1297 1892 cuidam
1336 1825 1517 1910 capellano

405 1934 524 1998 diuina
549 1933 669 1997 celebr.
698 1953 759 2015 pro
786 1933 901 1997 anima
927 1952 1004 1997 mea
1029 1952 1090 2016 per
1114 1952 1223 1997 unum
1248 1951 1379 1996 annum
1405 1929 1452 2014 iiij
1481 1928 1515 1994 li.

406 2037 470 2121 vjs.
505 2037 577 2121 viij.
626 2038 670 2101 Et
704 2037 732 2100 si
765 2037 849 2121 quid
883 2037 1057 2102 residuum
1090 2036 1193 2101 fuerit
1225 2035 1268 2100 de
1301 2034 1400 2100 bonis
1431 2033 1518 2099 meis

406 2142 561 2225 superius
585 2142 715 2227 legatis
741 2142 786 2205 do
810 2148 844 2205 et
869 2141 943 2226 lego
968 2140 1090 2206 Niclr'o
1115 2140 1214 2206 Hulit
1238 2145 1274 2206 et
1297 2138 1411 2225 pueris
1433 2138 1518 2210 suis,

406 2268 509 2332 quem
533 2246 673 2331 quidem
698 2245 904 2311 Nicholaum
929 2245 1018 2310 facio
1042 2251 1076 2310 et
1100 2246 1275 2310 constituo
1298 2249 1519 2309 executorem

406 2372 522 2416 meum
550 2358 590 2415 vt
619 2351 764 2415 fideliter
792 2350 955 2434 disponat
984 2371 1047 2434 pro
1075 2350 1191 2416 anima
1219 2370 1296 2415 mea
1323 2369 1386 2414 suo
1414 2347 1520 2413 modo

407 2456 548 2521 meliori.

496 2574 542 2636 Et
588 2594 746 2637 concessa
794 2573 861 2637 fuit
907 2572 1164 2637 administracio
1209 2571 1305 2636 dicto
1351 2568 1520 2634 Nicholao

407 2677 557 2743 secundo
585 2678 639 2742 die
667 2677 793 2741 mensis
822 2676 958 2760 Aprilis,
990 2677 1091 2741 Anno
1122 2676 1203 2741 D'ni
1237 2674 1392 2740 Mill’Imo
1421 2687 1522 2740 ccc¹¹¹o

408 2782 530 2849 lxxix0.

407 2962 448 3028 49
469 2967 499 3011 v.
549 2949 636 3032 (172)
664 2949 775 3014 Coern
799 2966 1026 3014 resrnnmnrr
1052 2949 1213 3013 Acnrrrs
1239 2965 1287 3012 oe
1311 2948 1475 3012 Lrnrori.

499 3106 538 3169 In
562 3105 626 3169 Dei
650 3105 798 3180 nomine,
824 3104 946 3180 Amen,
972 3104 1027 3168 die
1051 3104 1147 3169 Lune
1170 3124 1266 3186 prox.
1292 3109 1370 3188 post
1394 3102 1523 3167 festum

408 3209 568 3274 Conuers
591 3210 657 3274 S'ci
679 3210 776 3274 Pauli
797 3210 888 3293 Ap'li
912 3224 948 3274 αθ
972 3209 1052 3273 Ι)ἠί
1078 3209 1221 3273 Mill’mo
1248 3221 1348 3273 ccc¹¹¹⁰
1371 3205 1522 3291 lxxxiijo,

408 3315 482 3398 Ego
517 3314 629 3398 Agnes
665 3336 722 3378 vx.
760 3314 870 3396 Joh’is
910 3314 953 3378 de
993 3313 1132 3397 Lynton
1163 3313 1215 3377 ‘de
1251 3314 1377 3397 Rypon
1411 3311 1523 3376 condo

409 3424 659 3483 testamentum
683 3439 798 3482 meum
823 3419 857 3482 in
882 3420 973 3483 hunc
997 3418 1149 3483 modum.
1199 3418 1239 3482 In
1264 3417 1393 3502 primis,
1418 3416 1463 3480 do
1487 3422 1523 3481 et

409 3522 484 3607 lego
510 3523 662 3587 animam
688 3544 801 3587 meam
828 3525 902 3588 Deo
928 3523 1169 3607 Omnipotenti
1195 3528 1230 3586 et
1256 3542 1380 3606 corpus
1406 3541 1523 3586 meum

410 3628 454 3692 ad
481 3627 714 3711 sepeliendum
742 3629 776 3692 in
804 3628 984 3711 cymiterio
1012 3628 1090 3692 eccl.
1119 3628 1167 3691 b'i
1194 3627 1342 3718 Wilfridi
1370 3626 1520 3710 Rypon'.

410 3733 500 3796 Item
534 3733 609 3817 lego
646 3732 789 3797 Isabelle
823 3733 922 3796 vxori
958 3732 1069 3815 Joh’is
1104 3732 1146 3796 de
1181 3731 1336 3817 Casegyll
1371 3730 1416 3795 di.
1453 3750 1520 3794 aer.

409 3854 608 3901 auenarum.
657 3837 747 3901 Item
768 3838 842 3921 lego
864 3837 989 3922 Agneti
1011 3838 1054 3901 de
1075 3836 1230 3921 Casegyll
1252 3842 1286 3900 et
1308 3835 1401 3918 Joh’i
1423 3834 1522 3899 fratri

409 3963 482 4017 su0,
504 3941 590 4006 duos
611 3942 727 4017 lectos
749 3941 829 4040 vid}
852 3941 990 4026 vtrique
1010 3941 1020 4025 j
1044 3940 1226 4017 Cuuerlite,
1248 3939 1270 4024 ij
1294 3940 1465 4015 blankets,
1487 3944 1522 4003 et

409 4046 479 4112 duo
505 4046 733 4110 linthiamina.
782 4046 828 4109 Et
855 4045 883 4109 si
910 4045 994 4129 quid
1021 4044 1196 4110 residuum
1223 4044 1326 4109 fuerit
1354 4043 1396 4108 de
1423 4043 1523 4107 bonis

410 4151 494 4215 meis
527 4150 683 4233 superius
715 4171 784 4214 non
817 4150 949 4234 legatis
984 4149 1180 4233 porcionem
1214 4169 1327 4213 meam
1359 4147 1523 4233 qualiter·

410 4276 558 4339 cumque
583 4255 852 4338 contingentem,
879 4254 924 4318 do
950 4260 984 4318 et
1010 4255 1085 4338 lego
1111 4254 1204 4337 Joh'i
1229 4253 1272 4317 de
1299 4253 1456 4328 Hutonn,
1483 4257 1523 4316 vt
1574 4276 1578 4283 ·

410 4360 482 4444 ipse
503 4359 638 4423 ordinet
660 4364 694 4422 et
716 4358 877 4442 disponat
899 4380 960 4442 pro
982 4359 1098 4422 anima
1118 4379 1195 4423 mea
1215 4358 1304 4422 sicut
1326 4357 1398 4441 ipse
1419 4355 1523 4421 vellet

411 4470 450 4528 vt
468 4485 530 4549 ego
547 4463 762 4546 disponerem
782 4484 844 4546 pro
861 4463 976 4527 anima
992 4482 1075 4538 sua;
1101 4463 1129 4526 si
1146 4463 1217 4547 ipse
1234 4461 1353 4545 J0h'es
1370 4467 1451 4525 ante
1468 4481 1523 4525 me

412 4570 456 4633 eb
474 4569 538 4632 hoc
555 4568 669 4632 seculo
686 4568 731 4631 ad
749 4567 862 4631 Deum
879 4567 1088 4652 migrauerit,
1106 4587 1211 4652 quem
1227 4566 1368 4651 quidem
1386 4562 1536 4648 Joh’em'

412 4672 501 4738 facio
521 4679 555 4738 et
576 4673 751 4737 constituo
772 4679 990 4737 executorem
1010 4692 1126 4736 meum
1146 4671 1181 4736 in
1202 4671 1362 4736 omnibus
1383 4669 1523 4754 agendis

484 4829 492 4852 ¹
511 4823 661 4887 Courtepy,
675 4837 693 4871 a
705 4822 784 4870 short
797 4821 964 4886 pce-jacket.
1004 4822 1053 4870 See
1067 4821 1095 4870 N
1097 4821 1176 4870 .E.I).
