3392 5650
318 714 381 778 130
602 698 680 763 Tua
706 698 863 763 lucrans
888 696 1135 761 Mauuscnmr.

318 875 492 959 (morltem
508 877 580 942 d’ni
597 877 736 942 Will’mi
753 876 893 960 Sckayff
910 874 1083 959 Capellani
1100 881 1248 959 protunc
1264 879 1425 949 vacante,

314 980 412 1045 cuius
442 982 582 1046 collacio
613 982 657 1045 ad
689 981 887 1066 Capitulum
930 981 996 1063 (elo
1034 980 1128 1064 quod
1162 980 1316 1063 prelatus
1346 978 1427 1043 d'ns

317 1085 419 1170 Hugo
432 1086 660 1172 Cotyngham
676 1085 921 1170 prebendarius
934 1085 976 1151 de
991 1084 1183 1149 Mounkton
1196 1089 1231 1148 et
1246 1084 1426 1148 thezaura-

317 1188 386 1253 rius
407 1190 544 1254 ecclesie
566 1210 747 1274 personam
771 1188 957 1272 (idolneam
978 1196 1013 1253 et
1035 1189 1118 1253 dicti
1141 1188 1240 1253 officii
1262 1207 1425 1273 capacem

317 1293 406 1358 infra
422 1315 574 1360 mensem
592 1316 612 1359 a
630 1302 783 1378 tempore
800 1301 882 1359 note
899 1293 1095 1358 vacacionis
1112 1293 1146 1358 in
1164 1293 1239 1358 loco
1258 1292 1427 1377 (milnime

317 1400 539 1482 presentabat
559 1401 670 1464 fuerat
691 1399 866 1474 deuoluta,
887 1398 1076 1483 habitoque
1096 1404 1250 1465 tractatu
1269 1396 1426 1483 diligenti

316 1523 419 1588 super
428 1524 519 1568 nouo
531 1504 819 1568 Subthezaurario
829 1502 1036 1586 preficiendo
1050 1502 1216 1587 (delmum
1226 1500 1426 1586 Capitulum

316 1608 463 1673 contulit
496 1608 628 1672 dictum
661 1607 811 1672 officium
844 1606 1123 1691 Subthezaurarij
1159 1607 1241 1671 d’no
1273 1605 1427 1690 Johanni

318 1713 484 1788 Redenes‚
510 1712 694 1796 Capellano
719 1711 879 1776 Cantarie
904 1712 956 1774 be.
984 1711 1089 1775 Marie
1114 1731 1156 1774 ex
1181 1711 1253 1775 iure
1277 1710 1342 1774 sibi
1366 1729 1428 1794 per

316 1817 452 1901 lapsum
491 1817 655 1900 temporis
693 1816 867 1889 deuolut0,
908 1821 941 1880 et
981 1816 1214 1880 iuramentum
1232 1813 1427 1898 'corporale

317 1923 421 1987 tactis
445 1922 671 1986 sacrosanctis
695 1922 885 1985 secundum
910 1922 992 1997 vim,
1019 1922 1177 1996 formam,
1203 1927 1238 1986 et
1264 1920 1427 1985 effectum

317 2027 545 2092 ordinacionis
563 2026 642 2090 inde
662 2026 751 2090 lacte
770 2026 897 2109 recepit
916 2027 961 2090 ab
979 2026 1109 2090 eodem.
1157 2025 1246 2090 Acta
1264 2030 1345 2090 sunt
1363 2026 1427 2089 hec

318 2151 419 2207 ann0‚
439 2131 504 2206 die,
524 2138 559 2195 et
577 2130 652 2194 loco
670 2130 886 2214 supradictis.

505 2324 592 2407 (209)
620 2323 876 2405 Junauanruu
902 2323 1237 2401 Sussrnazaonann.

337 2464 341 2471 ¹
405 2479 478 2563 Ego
495 2478 527 2561 J.
546 2478 589 2542 de
607 2478 647 2542 R.
666 2478 741 2541 iuro
756 2478 851 2561 quod
868 2478 961 2543 istud
978 2478 1127 2543 officium
1144 2465 1423 2561 Subthezaurarij

317 2584 352 2648 in
375 2584 516 2648 ecclesia
540 2583 606 2648 ista
630 2583 733 2647 michi
757 2584 978 2648 commissum
1002 2582 1183 2666 diligenter
1205 2601 1365 2665 exequar,
1391 2588 1427 2645 et

316 2688 408 2752 bona
437 2689 502 2752 sub
533 2707 607 2751 mea
639 2686 796 2751 custodia
826 2687 1013 2752 existencia
1044 2693 1078 2751 et
1109 2686 1213 2751 michi
1243 2685 1427 2751 commissa

316 2792 462 2856 fideliter
491 2792 712 2867 conseruab0‚
744 2811 783 2855 ac
813 2791 988 2856 mandatis
1018 2798 1052 2856 et
1083 2791 1246 2856 iniunctis
1276 2790 1427 2875 Capituli

316 2896 417 2960 licitis
433 2902 467 2960 et
483 2897 655 2961 canonicis
670 2903 842 2980 quatenus
858 2896 902 2960 ad
918 2895 1068 2960 officium
1084 2916 1199 2961 meum
1215 2901 1427 2960 concernunt

316 3001 444 3084 parebo
465 3000 639 3065 humiliter
660 3007 694 3064 et
716 3000 906 3076 intendam,
928 3000 1016 3064 sicut
1038 3020 1092 3064 me
1114 3001 1207 3064 Deus
1228 3000 1370 3064 adiuuet
1390 3006 1427 3064 et

316 3106 378 3168 hec
396 3112 526 3170 sancta.

320 3286 407 3367 (210)
434 3285 703 3348 Aucnauracro
727 3283 913 3348 Camamn
938 3300 1088 3348 Absarus
1113 3285 1243 3350 Sanun
1269 3284 1426 3349 Auonaa

361 3389 538 3453 Aposrom
561 3406 600 3454 m
622 3405 793 3453 accrasm
815 3388 957 3454 Rrpou’.

142 3570 270 3628 1369-70.
405 3544 579 3608 Vniuersis
596 3550 713 3607 sancte
726 3543 847 3607 matris
860 3543 997 3607 ecclesie
1010 3542 1089 3627 filijs
1106 3549 1280 3627 presentes
1293 3543 1427 3608 litteras

146 3635 266 3734 Januo.
318 3649 532 3733 inspecturis
562 3648 749 3730 Johannes,
776 3647 999 3737 permissione
1029 3648 1146 3712 diuina
1175 3648 1277 3713 Ebur.
1308 3648 1427 3712 Archi-

117 3725 293 3854 fflgffly‘i}
318 3754 424 3837 ep'us‚
445 3753 565 3837 Anglie
586 3753 727 3828 Primas,
748 3759 782 3816 et
802 3751 988 3835 apostolice
1007 3751 1096 3815 sedis
1115 3752 1258 3836 legatus,
1278 3751 1426 3817 salutem

159 3859 249 3907 letter.
318 3858 353 3923 in
380 3857 517 3922 sinceris
545 3857 760 3940 amplexibus
788 3856 986 3921 Saluatoris
1035 3856 1176 3920 Illorum
1204 3856 1427 3921 deuocionem

317 3962 484 4026 sinceram
507 3962 567 4045 qui
591 3961 635 4025 ad
655 3960 762 4025 diuini
783 3961 897 4025 cultus
921 3965 1145 4044 augmentum
1165 3960 1427 4044 multiplicando

317 4075 519 4131 numerum¹
537 4065 809 4129 ministrancium
827 4065 861 4128 in
877 4063 1018 4128 ecclesia
1033 4070 1154 4128 sancta
1171 4064 1245 4142 Dei,
1263 4085 1304 4129 ac
1319 4064 1427 4129 eciam

319 4171 363 4235 ad
389 4170 589 4235 instituend.
617 4174 784 4254 perpetuo
808 4169 990 4232 missarum
1016 4168 1205 4252 solempnia
1229 4189 1292 4254 pro
1316 4169 1428 4234 salute

319 4276 478 4339 viuorum
505 4282 539 4339 et
566 4274 681 4358 requie
707 4273 960 4349 defunctorum,
988 4273 1165 4356 porciones
1191 4294 1359 4359 congruas
1384 4272 1428 4338 de

319 4380 588 4464 possessionibus
608 4384 643 4442 et
665 4377 890 4442 facultatibus
910 4377 957 4440 eis
978 4398 999 4441 a
1020 4377 1093 4441 Deo
1114 4377 1248 4442 collatis
1268 4378 1429 4442 libertate

319 4485 472 4569 gratuita
489 4484 690 4567 largiuntur,
710 4483 767 4566 pia
785 4502 848 4546 nos
866 4481 1028 4547 conuenit
1046 4482 1240 4547 intencione
1259 4482 1374 4547 fouere
1393 4489 1427 4546 et

320 4589 455 4654 salubre
481 4609 599 4652 eorum
626 4587 840 4671 propositum
868 4586 1020 4671 paternis
1047 4586 1228 4652 affectibus
1255 4593 1428 4672 quantum

392 4799 399 4821 ¹
421 4794 453 4843 In
467 4793 515 4842 the
527 4793 584 4842 MS.
600 4792 655 4842 this
668 4793 744 4842 word
758 4792 808 4839 has
822 4806 838 4839 a
851 4791 1025 4857 superfluous
1038 4791 1141 4842 stroke.
