3392 5650
647 719 741 782 Acrs
765 736 810 782 or
833 718 1013 784 Cauarae.
1321 733 1383 796 ²03

278 918 356 961 cum
381 897 451 960 suis
475 897 605 960 iuribus
630 896 823 960 antedictis.
872 897 913 959 In
938 916 1085 980 quorum
1110 896 1264 959 omnium
1289 894 1384 958 testi-

278 1001 432 1065 monium
462 1008 567 1084 atque
597 999 699 1064 fidem
729 1000 819 1084 parti
850 1000 950 1064 huius
980 1000 1161 1064 indenture
1190 1000 1261 1063 siue
1291 1005 1384 1063 carte

278 1126 381 1188 penes
404 1105 536 1168 dictum
558 1105 749 1188 capitulum
774 1104 898 1188 Ripon'
923 1104 1113 1168 remanenti
1136 1104 1245 1187 sigilla
1267 1109 1385 1167 nostra

279 1215 313 1273 et
344 1209 515 1273 dictorum
546 1209 692 1273 fratrum
722 1215 804 1272 sunt
835 1229 996 1292 appensa.
1044 1208 1152 1271 Alteri
1182 1228 1263 1272 vero
1294 1206 1386 1292 parti

174 1379 177 1383 ,
279 1333 382 1397 penes
401 1334 463 1376 nos
483 1313 629 1377 durante
649 1313 724 1377 vita
742 1319 862 1376 nostra
881 1318 915 1376 et
936 1319 1014 1395 post
1034 1312 1209 1376 decessum
1229 1317 1385 1375 nostrum

279 1438 382 1501 penes
424 1417 534 1481 dictos
576 1417 708 1492 fratres,
752 1423 786 1480 et
829 1417 933 1480 tercie
975 1417 1066 1499 parti
1108 1436 1211 1500 penes
1253 1416 1385 1480 dictum

280 1521 466 1586 Ricardum
490 1522 659 1596 Tankerd,
684 1521 911 1604 capellanum,
936 1527 971 1583 et
995 1541 1073 1584 suos
1098 1520 1232 1584 futuros
1255 1540 1384 1583 sueces-

277 1646 369 1690 sores
402 1625 492 1689 dicte
525 1626 677 1689 cantarie
710 1624 904 1708 capellanos
937 1625 1127 1688 remanenti
1160 1624 1269 1709 sigilla
1302 1623 1385 1688 dicti

277 1730 419 1814 capituli
442 1730 566 1813 Ripon’
589 1736 624 1793 et
645 1736 841 1793 nostrorum
863 1751 902 1793 ac
924 1729 1070 1793 fratrum
1092 1728 1324 1812 predictorum
1346 1750 1386 1792 ac

278 1834 349 1899 d'ui
370 1834 457 1898 Ric’i
476 1833 646 1909 Tankerd,
668 1833 835 1918 capellani
855 1855 916 1917 pro
936 1854 971 1897 se
991 1838 1026 1896 et
1046 1833 1116 1896 suis
1135 1832 1386 1897 successoribus

278 1938 476 2003 alternatim
495 1944 575 2002 sunt
596 1959 756 2021 appensa.
805 1938 884 2021 Hijs
905 1938 1062 2011 testibus,
1083 1936 1172 2001 d’nis
1191 1937 1325 2001 Thoma
1344 1936 1385 2000 de

279 2041 525 2128 Merkyngfeld,
561 2042 695 2127 Rogero
727 2042 842 2117 Ward,
877 2042 1054 2115 militibus,
1089 2041 1201 2106 Will'o
1235 2040 1385 2115 Nesfeld,

279 2147 379 2230 Joh'e
410 2146 582 2229 Whixlay,
615 2146 715 2229 Joh’e
748 2146 915 2220 RedeneS,
945 2145 1131 2229 capellano
1164 2145 1265 2227 Joh'e
1290 2144 1385 2228 Elye,

279 2251 417 2326 vicari0,
436 2250 536 2333 Joh’e
553 2250 751 2333 Schyrbum
768 2250 955 2334 capellano,
974 2256 1008 2313 et
1026 2249 1111 2333 alijs.
1160 2250 1240 2313 Dat.
1261 2249 1385 2332 Ripon’

280 2354 362 2438 xxvj
386 2354 440 2419 die
459 2354 584 2418 mensis
604 2354 698 2437 Junij
721 2353 821 2418 Anno
841 2354 922 2417 D'ni
949 2353 1126 2417 Millesimo
1146 2363 1260 2417 cccc'¹¹⁰
1279 2353 1385 2417 xixm0.

367 2530 455 2613 (289)
480 2530 617 2593 eraRA
639 2547 707 2594 Pro
729 2546 1009 2594 conuocacroue
1031 2545 1304 2594 oauourcouuu.

325 2672 523 2755 Capitulum
546 2672 625 2735 eccl.
651 2671 824 2755 Collegiat.
852 2671 989 2755 Ripon',
1014 2670 1200 2735 venerabili
1224 2670 1389 2734 confratri

281 2782 316 2842 et
337 2776 567 2841 concanonico
586 2781 705 2840 nostro
726 2774 807 2839 d’no
828 2776 873 2840 H.
897 2776 948 2851 B.‚
971 2775 1197 2859 prebendario
1218 2775 1389 2859 prebende

281 2882 324 2946 de
350 2882 400 2956 T.,
429 2880 576 2944 salutem
603 2886 638 2943 et
666 2880 854 2944 fraternam
881 2881 916 2943 in
945 2880 1035 2944 D’no
1062 2880 1253 2943 caritatem.
1301 2879 1390 2963 Quia

281 3007 343 3070 pro
381 2985 582 3070 urgentibus
621 2991 656 3048 et
696 2984 811 3048 arduis
852 3005 891 3048 ac
931 2983 1189 3048 indissimulatis
1228 2983 1387 3068 negociis,

281 3090 389 3155 diuini
422 3089 535 3154 cultus
568 3095 803 3174 augmentum,
837 3095 873 3152 et
906 3088 1051 3153 aliorum
1083 3108 1224 3152 onerum
1257 3088 1389 3171 prefate

282 3194 418 3259 ecclesie
434 3193 734 3278 supportacionem
750 3199 951 3277 statumque
967 3192 1157 3257 vtilitatem
1172 3213 1232 3256 seu
1247 3192 1389 3257 necessi-

283 3305 393 3363 tatem
421 3298 572 3361 eiusdem
600 3297 894 3379 concernentibus,
925 3317 1043 3360 omnes
1072 3302 1106 3360 et
1134 3297 1284 3381 singulos
1312 3316 1390 3360 con-

283 3404 405 3467 fratres
427 3408 462 3465 et
483 3403 730 3466 concanonicos
752 3408 898 3477 nostros
922 3401 967 3464 ad
990 3401 1081 3464 diem
1104 3401 1209 3475 Lune,
1232 3400 1391 3464 videlieet

283 3507 620 3593 quartumdecimum
659 3507 750 3570 diem
798 3506 924 3570 mensis
965 3505 1047 3589 Julij
1092 3525 1188 3588 prox.
1235 3506 1392 3569 futurum

284 3611 446 3675 duximus
470 3611 693 3686 conuocand.,
718 3631 780 3674 vos
805 3610 910 3694 igitur
934 3609 1106 3674 attencius
1131 3609 1333 3701 requirimus
1358 3614 1392 3672 et

285 3735 454 3800 rogamus
476 3721 660 3799 tenoreque
680 3715 893 3798 presencium
913 3713 1152 3777 nichilominus
1166 3713 1393 3796 peremptorie

285 3841 347 3884 vos
388 3819 535 3883 citamus
575 3819 740 3902 quatinus
781 3818 874 3882 dicto
918 3817 1012 3901 (dieb
1062 3817 1156 3880 Lune
1197 3838 1267 3880 vna
1315 3838 1394 3881 cum

285 3923 546 3988 continuacione
568 3929 603 3986 et
625 3922 869 4007 prorogacione
899 3922 1033 3985 dierum
1063 3928 1146 3985 tune
1174 3921 1394 4005 sequeneium

286 4028 320 4092 in
341 4027 444 4092 domo
464 4032 582 4092 nostra
602 4027 783 4111 capitulari
804 4026 1010 4109 tempestiue
1031 4026 1210 4089 nobiscum
1231 4025 1394 4089 intersitis
1422 4019 1428 4024 ’

286 4131 509 4216 personaliter
533 4132 561 4195 si
587 4131 728 4195 comode
754 4130 922 4214 poteritis
950 4128 1005 4193 vel
1030 4150 1091 4213 per
1115 4150 1223 4193 vnum
1249 4128 1291 4193 de
1316 4150 1394 4193 con-

285 4236 448 4300 fratribus
480 4236 606 4300 nostris
638 4235 811 4299 canonicis
844 4234 950 4318 ipsius
983 4233 1120 4298 ecclesie
1152 4234 1213 4319 qui
1244 4233 1327 4298 velit
1360 4240 1395 4297 et

284 4340 411 4424 poterit
449 4345 533 4404 tunc
570 4340 732 4405 interesse
772 4344 1031 4423 procuratorem
1068 4345 1222 4402 vestrum
1259 4338 1294 4402 in
1331 4338 1396 4403 hac

284 4450 382 4528 parte
408 4464 510 4528 super
536 4443 733 4508 huiusmodi
760 4443 911 4528 negociis
938 4463 999 4527 pro
1028 4448 1112 4506 tunc
1139 4441 1266 4506 ibidem
1293 4462 1395 4525 expo-

284 4548 415 4623 nendis,
455 4549 656 4612 tractaturis
694 4548 905 4631 vlteriusque
944 4547 1086 4611 facturis
1125 4546 1323 4611 admissuris
1361 4552 1395 4610 et

284 4652 470 4736 recepturis
514 4653 608 4737 quod
651 4652 787 4717 iusticia
831 4651 1002 4727 suadebit,
1047 4658 1082 4715 et
1125 4651 1317 4716 comuniter
1360 4655 1395 4715 et

355 4809 364 4833 ¹
383 4804 511 4854 Omitted
524 4804 553 4854 in
566 4805 622 4855 MS.
