3392 5650
403 693 446 778 96
695 695 774 761 ΤΕΕ
799 696 955 761 Inonsr
979 695 1227 765 Manuscnn’r.

492 875 580 955 (155)
600 875 656 939 ΒΕ
673 892 810 940 EODEM.
861 874 983 955 (Grant
1000 877 1037 940 of
1052 877 1160 961 rights
1176 876 1211 942 in
1228 898 1249 941 a
1264 877 1422 960 nativus).

488 1004 589 1069 Omn.
612 1006 650 1083 h„
667 1006 687 1069 l.
710 1005 772 1069 vis.
795 1006 949 1069 veland.
972 1006 1053 1070 d’na
1074 1006 1182 1070 Alicio
1203 1007 1245 1070 de
1266 1007 1441 1090 Stauleya‚
1463 1028 1511 1074 sa.

400 1108 435 1171 in
459 1108 560 1173 D'no.
609 1108 697 1173 Nou.
723 1109 817 1173 vniu.
843 1116 960 1173 vestra
983 1131 1038 1173 me
1062 1110 1096 1174 in
1120 1110 1258 1194 propria
1281 1111 1454 1175 viduitate
1477 1118 1511 1176 et

399 1212 494 1296 legen
514 1219 688 1296 potestate
709 1234 785 1277 mea
806 1233 868 1296 pro
889 1234 937 1277 sa.
961 1235 1014 1278 an.
1038 1234 1083 1279 rn.
1106 1220 1140 1278 et
1161 1235 1253 1279 omn.
1277 1221 1441 1281 antecess.
1465 1237 1510 1281 m.
1588 1263 1591 1269 .

398 1317 475 1381 ded.
496 1338 602 1392 conc,
622 1318 705 1402 qui..
719 1318 795 1393 cla„
810 1323 843 1381 et
858 1318 890 1381 h.
906 1338 938 1400 p.
953 1339 981 1382 c.
996 1318 1085 1382 cont.
1101 1318 1174 1382 Deo
1187 1324 1221 1382 et
1239 1320 1342 1383 beato
1355 1319 1512 1384 Wilirido

398 1421 440 1484 de
459 1421 583 1504 Ripon’
603 1427 636 1485 et
654 1421 833 1485 Canonicis
851 1422 979 1485 ibidem
996 1422 1070 1485 Deo
1087 1422 1325 1497 seruientibus
1343 1424 1509 1508 quicquid

398 1526 480 1589 iuris
506 1527 560 1589 νε]
587 1525 781 1608 calumpnie
807 1526 913 1589 habui
940 1527 995 1590 vel
1022 1526 1147 1590 habere
1173 1526 1271 1610 potui
1298 1527 1333 1591 in
1361 1527 1510 1592 Henrico

398 1629 442 1694 fil.
469 1630 581 1694 Astini
602 1636 636 1694 et
658 1631 692 1694 in
713 1630 851 1714 sequela
872 1650 934 1694 sua
961 1636 995 1694 et
1023 1630 1058 1694 in
1086 1630 1216 1694 catellis
1242 1630 1322 1706 suis,
1344 1631 1394 1695 ita
1415 1632 1509 1715 quod

398 1755 460 1798 nec
492 1755 554 1818 ego
586 1756 648 1799 nec
680 1734 820 1798 heredes
853 1735 919 1798 mei
952 1734 1082 1818 aliquid
1115 1734 1196 1798 iuris
1228 1735 1282 1798 vel
1314 1736 1508 1820 calumpnie

398 1839 532 1902 racione
552 1839 748 1903 natiuitatis
771 1838 806 1902 in
830 1838 985 1922 predicto
1007 1835 1069 1921 (46)
1093 1838 1197 1903 Henr.
1216 1839 1270 1903 vel
1288 1840 1425 1923 sequela
1447 1861 1509 1905 sua

397 1943 451 2006 νε]
470 1943 604 2007 catallis
622 1943 692 2007 suis
711 1942 753 2006 de
772 1948 885 2006 cetero
904 1942 1086 2006 vendicare
1105 1943 1303 2025 poterimus.
1352 1944 1398 2007 Et
1417 1944 1452 2008 in
1473 1945 1506 2010 h.

397 2066 422 2111 r.
450 2053 475 2111 t.
504 2067 553 2129 pr.
581 2067 643 2111 scr.
671 2047 730 2130 sig.
758 2067 803 2110 rn.
831 2047 986 2129 apposui.
1036 2046 1079 2111 H.
1108 2052 1133 2111 t.
1162 2046 1293 2131 Mag'ro
1319 2046 1522 2112 Laurencio·

397 2151 439 2214 de
458 2151 591 2233 Topclif
610 2158 644 2214 et
663 2150 794 2215 ceteris,

611 2304 698 2388 (156)
726 2305 782 2368 ΒΕ
806 2321 944 2369 EODEM.
994 2305 1143 2387 (Similar
1165 2308 1291 2390 grant).

483 2436 584 2499 Omn.
606 2435 638 2500 S.
660 2434 703 2499 M.
724 2435 764 2498 E.
785 2434 830 2498 fil.
852 2434 896 2497 ad
914 2455 1001 2518 quos
1020 2454 1069 2517 pr.
1090 2455 1151 2499 scr.
1173 2435 1376 2517 peruenerit,
1397 2436 1505 2501 Will's

396 2539 438 2603 de
468 2540 560 2623 Irby‚
590 2560 637 2603 sa.
668 2540 702 2603 in
732 2539 822 2603 D'no
851 2544 1015 2603 eternam.
1063 2538 1151 2603 Nou.
1182 2539 1276 2604 vniu.
1306 2546 1422 2604 vestra
1450 2562 1505 2604 me

394 2665 501 2719 conc,
524 2645 593 2728 qui.
618 2644 680 2707 cla.
705 2648 739 2707 et
762 2663 794 2725 p.
819 2663 847 2706 c.
872 2642 961 2707 conf.
986 2643 1029 2706 de
1051 2663 1105 2706 me
1128 2649 1161 2707 et
1185 2643 1253 2707 her.
1278 2664 1323 2707 rn.
1348 2644 1382 2707 in
1405 2665 1502 2729 perp.

395 2769 456 2832 pro
475 2768 522 2812 sa.
545 2769 599 2812 an.
621 2769 665 2812 m.
688 2753 721 2811 et
742 2753 906 2811 antecess
928 2768 973 2811 rn.
995 2747 1069 2810 Deo
1089 2754 1123 2811 et
1143 2748 1222 2812 eccl.
1245 2747 1310 2811 S'ci
1330 2748 1439 2814 Wilfr.
1461 2748 1504 2813 de

395 2854 519 2936 Ripon’
548 2859 582 2917 et
610 2853 691 2916 d'no
720 2852 804 2935 Rog.
834 2851 877 2915 de
905 2851 998 2934 Leya
1024 2851 1196 2916 Canonico
1223 2852 1329 2916 eiusd.
1359 2853 1437 2919 eccl.
1467 2859 1503 2918 et

393 2978 481 3022 succ.
517 2978 542 3022 s,
577 2956 756 3021 Canonicis
789 2956 823 3019 in
857 2976 919 3020 sua
952 2955 1136 3039 prebenda,
1171 2961 1286 3020 toturn
1318 2956 1374 3040 jus
1406 2957 1501 3042 quod

393 3062 498 3127 habui
520 3062 574 3125 νε]
597 3062 722 3125 habere
743 3059 841 3144 potui
864 3060 898 3123 in
921 3060 1053 3124 Thoma
1075 3060 1144 3124 filio
1167 3060 1255 3125 Rad.
1278 3060 1321 3124 de
1344 3061 1499 3136 Rowclif,

287 3207 293 3214 =-
392 3167 442 3231 ita
464 3166 558 3250 quod
580 3186 642 3230 nec
664 3185 726 3248 ego
748 3163 857 3228 Will's
879 3184 941 3227 nec
965 3165 1033 3228 her.
1058 3185 1102 3228 m.
1127 3185 1189 3228 nec
1211 3165 1334 3248 aliquis
1356 3186 1417 3248 per
1438 3186 1501 3230 nos

391 3292 454 3335 nec
475 3291 536 3353 pro
557 3269 656 3334 nobis
677 3268 806 3352 aliquid
827 3268 989 3332 clamium
1010 3269 1065 3332 vel
1086 3269 1138 3332 ins
1159 3269 1193 3332 in
1215 3269 1289 3333 eod.
1312 3270 1445 3334 Thoma
1466 3276 1501 3334 et

392 3375 426 3439 in
445 3380 539 3438 secta
557 3394 619 3438 sua
638 3394 679 3436 ex
698 3393 733 3436 se
753 3372 957 3456 egrediente,
978 3373 1032 3437 νε]
1051 3372 1086 3437 in
1104 3373 1237 3437 catallis
1256 3394 1281 3438 s.
1303 3365 1428 3438 habere
1446 3375 1501 3439 vel

392 3479 524 3563 exigere
551 3478 740 3561 poterimus
767 3476 801 3540 in
829 3497 923 3559 perp.
972 3477 1018 3540 Et
1046 3483 1085 3540 vt
1113 3497 1190 3540 mea
1217 3478 1399 3553 concessio,
1428 3479 1498 3563 qui.

391 3583 565 3658 clemaci0,
582 3587 616 3645 et
631 3602 680 3664 pr.
696 3587 790 3644 carte
804 3580 1023 3644 confirmacio
1037 3582 1142 3645 robur
1154 3580 1329 3645 firmitatis
1343 3582 1500 3665 optineat

391 3687 425 3751 in
450 3708 556 3770 perp„
582 3707 614 3769 p.
640 3707 668 3750 c.
694 3685 754 3769 sig.
780 3705 825 3749 rn.
852 3685 1007 3767 apposui.
1056 3685 1099 3749 H.
1127 3691 1151 3749 t.
1178 3685 1259 3749 d’no
1285 3685 1434 3750 Patricio
1458 3687 1501 3750 de

391 3792 577 3874 Westwyk,
599 3790 671 3854 Ric’
692 3790 734 3853 de
754 3789 911 3863 Brerton,
931 3794 966 3852 et
985 3789 1115 3853 ceteris.

394 3946 481 4029 (157)
508 3945 564 4009 ΒΕ
587 3961 725 4008 EODEM.
775 3943 897 4024 (Grant
921 3943 956 4006 of
978 3942 1059 4006 land
1083 3943 1136 4007 for
1158 3943 1298 4007 Sharow
1320 3944 1498 4027 prebend).
1542 3951 1549 3962 “

480 4087 621 4151 Printed
652 4086 686 4150 in
718 4085 821 4149 Mem.
846 4084 970 4168 Νέρωνι,
997 4084 1024 4160 Ι,
1050 4085 1138 4148 from
1162 4085 1392 4169 Darnbrough
1417 4085 1496 4162 MS„

391 4193 473 4256 with
497 4212 591 4256 more
613 4191 796 4254 witnesses
845 4189 982 4271 Ingilby
1005 4189 1073 4254 MS.
1098 4189 1206 4264 reads,
1228 4188 1365 4254 “Walt'
1391 4191 1500 4254 abbas

390 4298 432 4361 de
449 4295 587 4379 Selby.”

392 4437 478 4521 (158)
505 4438 561 4502 ΒΕ
585 4454 722 4501 nonen.
772 4436 894 4518 (Grant
918 4435 953 4498 of
975 4435 1057 4499 land
1080 4436 1127 4518 by
1150 4435 1238 4517 Abp.
1263 4435 1438 4500 Thurstan
1461 4442 1499 4500 to

434 4542 507 4607 Ric.
528 4541 573 4606 fil.
594 4541 771 4623 Turstini).

199 4702 360 4750 1114-1140.
476 4671 682 4754 T(urstinus)
711 4670 774 4734 Dei
798 4689 869 4753 gra.
897 4669 1000 4733 Ebor.
1027 4668 1184 4752 Archiep.
1212 4667 1391 4732 Canonicis
1416 4669 1495 4734 eccl.
1533 4706 1537 4713 ·

389 4777 454 4842 S'ci
478 4776 586 4842 Wilfr.
610 4777 653 4840 de
678 4775 802 4859 Ripon’
828 4779 863 4837 et
886 4774 1007 4837 ceteris
1030 4773 1227 4838 horninibus
1250 4773 1320 4838 suis
1344 4773 1497 4839 eiusdem
