3392 5650
584 684 677 749 Acis
700 703 746 749 or
768 685 948 751 Crimisa.
1259 700 1321 767 199

212 883 442 945 permansuro.
490 863 657 928 Volumus
671 864 779 929 eciam
793 870 828 928 et
843 864 1043 929 ordinamus
1057 863 1149 949 quod
1165 862 1320 947 prefatus

210 966 286 1030 d'ns
322 966 489 1031 Ricardus
522 967 693 1044 Tankerd,
729 968 926 1052 capellanus
961 968 1051 1033 dicte
1085 966 1248 1041 cantarie‚
1285 971 1319 1029 et

209 1091 327 1134 omnes
338 1077 373 1135 et
384 1071 507 1156 singuli
519 1072 571 1135 sui
583 1092 791 1137 successores
804 1072 956 1137 eiusdem
968 1072 1128 1137 Cantarie
1140 1070 1317 1155 capellani,

208 1175 381 1259 perpetuis
410 1176 535 1239 futuris
562 1176 632 1240 suis
660 1177 875 1261 temporibus
902 1176 1099 1241 huiusmodi
1127 1174 1318 1239 cantariam

208 1285 425 1363 occupantes,
452 1300 513 1363 pro
537 1280 666 1345 salubri
690 1286 786 1345 statu
810 1287 929 1346 nostro
955 1303 994 1345 ac
1020 1279 1158 1344 Ricardi
1183 1278 1317 1343 Norton

207 1383 394 1467 Justiciarij
407 1384 606 1468 supradicti,
616 1384 911 1450 —defunctorum
923 1385 1069 1469 (persons
1080 1382 1314 1466 namedabove)

207 1487 251 1551 ad
277 1487 384 1551 altare
411 1488 477 1552 S'ci
503 1489 633 1553 Thome
659 1489 811 1573 predicte
836 1489 977 1574 singulis
1004 1488 1134 1563 diebus,
1161 1492 1316 1551 cessante
1365 1484 1495 1534 Honora

206 1591 453 1675 impedimento
476 1592 639 1677 legitim0,
665 1593 785 1657 missas
809 1592 927 1657 debito
950 1592 1064 1667 modo,
1089 1592 1139 1656 ita
1162 1590 1255 1675 quod
1280 1591 1314 1654 in
1358 1567 1500 1681 dmm

205 1694 360 1779 qualibet
407 1696 601 1780 septimana
648 1718 718 1761 vno
766 1696 820 1761 die
868 1697 1022 1761 missam·
1055 1696 1097 1761 de
1146 1696 1313 1780 Requiem
1344 1685 1512 1802 αἰξῇξζαὲῑῑί

205 1798 390 1864 celebrabit
417 1806 451 1864 et
478 1801 701 1865 celebrabunt
728 1801 993 1885 imperpetuum,
1020 1800 1199 1885 presertim
1225 1799 1314 1863 inter
1355 1818 1510 1880 Tlronwper

206 1904 306 1967 horas
333 1904 517 1988 septimam
545 1911 580 1968 et
608 1911 770 1969 octauam
797 1925 899 1989 super
929 1904 959 1968 le
990 1904 1097 1968 knoll1
1130 1903 1184 1968 vel
1215 1902 1313 1987 quasi
1336 1884 1518 2000 ²⁰2²}ffffmp22’·

205 2008 393 2072 secundum
421 2007 684 2092 disposicionem
712 2009 759 2072 eis
786 2030 807 2073 a
834 2010 908 2073 Deo
936 2009 1066 2084 datam,
1096 2014 1130 2071 et
1158 2006 1252 2093 quod
1279 2007 1314 2071 in
1390 2017 1464 2093 infru

204 2112 358 2195 qualibet
394 2113 598 2196 septimana,
635 2113 796 2190 secunda,
832 2120 969 2197 quarta,
1006 2094 1041 2177 et
1076 2118 1174 2177 sexta
1209 2111 1313 2195 ferijS,
1375 2085 1482 2147 pam

204 2215 319 2280 dicent
354 2223 388 2281 et
425 2216 518 2281 dicat
553 2218 706 2302 ipsorum
741 2218 902 2303 quilibet2
937 2217 1062 2282 deuote
1099 2217 1245 2281 Placebo
1280 2222 1315 2279 et

205 2320 327 2405 Derige
345 2342 424 2385 cum
442 2320 750 2387 Commendacione
768 2343 810 2385 ex
828 2322 939 2386 causis
958 2321 1151 2396 antedictis,
1171 2320 1315 2385 dicendo

205 2430 240 2487 et
261 2424 421 2489 habenda
441 2426 476 2489 in
498 2427 602 2490 missa
623 2427 848 2511 spiritualiter
869 2426 1066 2491 huiusmodi
1087 2446 1149 2509 pro
1170 2425 1259 2489 viuis
1280 2431 1315 2488 et

204 2528 386 2603 defunctis
418 2530 511 2593 Deus
541 2531 639 2594 venie
666 2529 807 2615 largitor
836 2537 872 2594 et
901 2531 1051 2594 humane
1077 2528 1197 2593 salutis
1222 2550 1315 2593 ama-

102 2682 104 2686 .
205 2638 286 2707 tora
301 2639 355 2697 etc.
413 2634 470 2707 Et,
487 2634 580 2697 Deus
594 2635 655 2717 qui
669 2634 852 2710 caritatis4
867 2641 921 2699 etc.
979 2635 1168 2717 Postquam
1184 2633 1316 2697 inducti

204 2736 340 2800 fuerant
369 2737 531 2801 canonice
562 2738 596 2801 in
622 2738 777 2802 cantaria
804 2738 969 2821 predicta,
995 2738 1059 2801 nisi
1082 2737 1170 2800 iorte
1200 2736 1316 2820 aliqua

203 2841 356 2926 legitima
379 2863 493 2917 causa,
519 2844 648 2926 absque
672 2842 751 2906 dolo
775 2848 893 2907 tamen
916 2843 971 2907 vel
999 2843 1148 2918 ficcione,
1177 2842 1316 2926 grauius

204 2946 331 3009 fuerint
369 2945 526 3030 impediti
562 2967 622 3010 seu
659 2967 777 3011 eorum
815 2947 939 3031 aliquis
976 2946 1080 3010 fuerit
1117 2945 1313 3030 impeditus

203 3049 363 3113 volumus
391 3051 499 3114 eciam
531 3051 625 3134 quod
659 3051 741 3114 dicti
774 3050 941 3134 capellani
973 3049 1132 3114 Cantarie
1162 3048 1314 3133 predicte

203 3174 322 3218 omnes
345 3160 380 3218 et
406 3154 530 3239 singuli
556 3155 626 3219 sint
653 3155 688 3218 in
711 3155 834 3218 habitu
859 3155 1004 3219 honesto
1027 3161 1069 3218 et
1084 3154 1251 3218 conformi
1274 3160 1313 3218 vt

203 3259 307 3322 ceteri
345 3258 462 3341 vicarij
505 3257 643 3323 ecclesie
682 3259 866 3343 Collegiate
907 3259 1031 3343 Ripon’
1072 3257 1234 3342 predicte,
1274 3279 1315 3322 ac

204 3363 363 3426 intersint
385 3363 620 3447 personaliter,
644 3370 799 3427 cessante
822 3364 1069 3447 impedimento
1091 3362 1254 3447 legitimo
1279 3362 1313 3426 in

203 3468 306 3531 choro
322 3473 357 3530 et
373 3467 514 3532 ecclesia
529 3468 716 3553 Collegiata
732 3467 888 3552 predicta
904 3473 1058 3552 tempore
1074 3467 1313 3531 celebracionis

203 3571 399 3635 diuinorum
428 3593 497 3636 non
526 3572 561 3636 in
590 3573 710 3636 diebus
740 3573 915 3636 ferialibus
943 3578 996 3636 set
1024 3571 1176 3656 singulis*
1193 3571 1313 3636 diebus

203 3675 392 3739 Dominicis
439 3682 474 3739 et
522 3676 665 3752 iestiuiS,
715 3698 755 3741 ac
803 3676 911 3741 eciam
960 3676 994 3739 in
1042 3675 1313 3760 processionibus

204 3779 437 3863 solempnibus
462 3786 535 3843 tam
559 3781 773 3865 generalibus
796 3801 903 3864 quam
927 3780 1161 3864 spiritualibus
1186 3779 1313 3844 ibidem

202 3882 424 3959 celebrandis
455 3883 642 3949 dumtaxat
671 3886 801 3968 absque
830 3905 931 3949 onere
961 3883 1147 3969 aliquando
1175 3884 1313 3967 vicarijs

202 3987 293 4052 dicte
325 3987 463 4051 ecclesie
496 3989 690 4073 antiquitus
722 3989 888 4064 iniunct0,
921 3989 1025 4053 saluis
1057 3988 1218 4072 predictis
1250 4009 1312 4073 pro

202 4093 485 4177 augmentacione
511 4091 625 4157 cultus
650 4093 759 4156 diuini
784 4099 819 4157 et
846 4094 973 4157 honore
999 4093 1078 4158 eccl.
1107 4092 1187 4157 Coll.
1216 4098 1311 4157 ante-

201 4197 302 4272 dicte,
333 4197 378 4261 ad
407 4197 468 4261 Dei
500 4199 669 4282 beateque
698 4197 840 4281 virginis
870 4198 975 4262 Marie
1004 4203 1038 4261 et
1068 4197 1134 4262 S'ci
1163 4197 1310 4262 Wiliridi

202 4323 241 4365 ac
272 4301 427 4365 omnium
458 4307 657 4366 sanctorum
688 4285 825 4366 laudem
857 4307 891 4364 et
923 4302 1096 4366 honorem.
1144 4301 1310 4367 Volumus

273 4456 279 4478 ¹
301 4452 389 4499 When
403 4452 451 4499 the
466 4452 520 4500 bell
533 4453 646 4501 sounds

271 4535 281 4557 ²
299 4531 355 4579 MS.
371 4532 421 4579 has
437 4536 451 4553 ‘¹
462 4532 615 4595 qualibet.¹¹

270 4617 280 4647 ³
300 4611 377 4659 York
390 4611 503 4659 Manual
517 4612 639 4672 (Surtees
653 4612 723 4670 Soc,
738 4614 792 4673 91),
807 4612 909 4669 Missal,
926 4613 962 4670 ΙΙ,
978 4616 1034 4674 187,
1055 4613 1109 4662 For
1120 4613 1167 4662 the
1177 4613 1312 4678 departed

201 4679 337 4726 members
351 4678 380 4726 ot
393 4678 441 4726 the
454 4678 613 4742 fraternity.

270 4761 281 4791 ⁴
299 4757 402 4816 Missal,
418 4757 456 4815 II,
474 4759 530 4808 168.
570 4759 625 4808 For
638 4759 687 4808 the
700 4759 788 4823 living
802 4759 948 4810 members.
