3392 5650
642 709 735 774 Acrs
759 728 804 774 or
827 710 1006 776 Cnarrnn.
1316 727 1376 793 141

270 896 399 974 prestet
412 896 445 953 et
458 890 562 954 iaciat
574 911 689 954 coram
701 890 861 973 Capitulo
872 897 1073 965 memorato
1086 890 1179 974 quod
1190 889 1379 954 secundum

270 996 427 1071 formam,
469 995 621 1069 modum,
664 1001 698 1058 et
738 994 974 1059 ordinaciones
1013 994 1178 1079 predicta,
1220 995 1378 1059 Cantarie

270 1099 421 1183 predicte
434 1099 602 1163 deseruiet
614 1099 781 1183 quamdiu
794 1099 904 1182 ipsam
918 1100 1137 1183 occupauerit
1150 1100 1204 1163 vel
1218 1099 1377 1174 tenuerit,

269 1211 303 1268 et
346 1204 533 1269 secundum
576 1204 757 1268 seruicium
800 1204 832 1267 in
876 1204 986 1269 forma
1028 1205 1182 1288 predicta
1224 1204 1378 1287 superius

269 1309 413 1373 recitata
428 1309 608 1390 diligenter
622 1314 656 1371 et
671 1308 817 1372 fideliter
831 1309 933 1373 faciet
948 1315 982 1373 et
997 1309 1193 1392 complebit.

294 1467 381 1548 (215)
413 1465 517 1546 (Acrs
542 1481 587 1527 or
609 1463 779 1528 Cnarreu
803 1481 841 1527 m
867 1461 1044 1526 Generum
1068 1462 1353 1542 Convocnrron).

270 1605 333 1686 (59)
358 1605 446 1669 Acta
475 1605 508 1670 in
537 1605 684 1689 generali
713 1604 963 1668 conuocacione
991 1604 1201 1688 singulorum
1231 1603 1376 1667 fratrum

267 1715 301 1772 et
327 1709 575 1774 Canonicorum
603 1710 726 1792 Ripon'
754 1708 891 1773 ecclesie
917 1730 977 1792 per
1001 1708 1198 1791 Capitulum
1224 1708 1375 1772 eiusdem

267 1814 403 1878 ecclesie
434 1815 488 1878 die
521 1815 650 1888 Martis,
683 1813 841 1878 videlicet
874 1814 908 1877 in
940 1812 1090 1877 crastino
1122 1813 1237 1877 Sancti
1271 1812 1374 1876 Marci

266 1918 486 2003 Euangeliste
509 1918 680 1983 celebrata
704 1918 804 1982 Anno
828 1917 899 1982 d’ni
925 1917 1101 1981 Millesimo
1125 1930 1242 1981 ccccnno
1266 1917 1376 2000 primo

267 2023 309 2086 de
327 2023 500 2087 communi
520 2023 659 2087 consilio
678 2029 712 2085 et
732 2022 773 2085 de
792 2022 947 2086 vnanimi
967 2043 1106 2085 assensu
1126 2021 1375 2086 Canonicorum

267 2133 350 2190 tunc
375 2127 502 2191 ibidem
528 2128 750 2209 presencium,
778 2133 812 2190 et
838 2133 1100 2209 procuratorum
1126 2127 1374 2191 Canonicorum

267 2232 474 2296 absencium.

356 2361 395 2426 ln
417 2360 545 2444 primis,
567 2361 764 2425 ordinatum
786 2367 820 2424 et
841 2366 1015 2423 statutum
1037 2367 1098 2435 est,
1120 2360 1214 2443 quod
1233 2360 1375 2444 quando
1414 2355 1522 2432 Ifetters
1536 2356 1565 2404 or

267 2465 369 2529 fuerit
389 2466 594 2530 conuocacio
613 2465 826 2539 celebranda,
847 2465 945 2528 litera
965 2464 1141 2528 citacionis
1160 2471 1296 2528 emanet
1316 2486 1376 2548 per
1388 2426 1589 2550 gffiliiOihisse

267 2576 335 2634 tres
356 2570 566 2652 septimanas
587 2576 668 2633 ante
688 2570 800 2652 ipsum
822 2568 912 2632 diem
934 2569 1203 2643 conuocacioniS,
1226 2576 1260 2633 et
1281 2569 1374 2653 quod
1388 2557 1590 2671 {lfficlffigff

267 2672 301 2736 in
323 2672 390 2736 fine
412 2673 588 2737 citacionis
611 2674 672 2737 hec
694 2673 846 2737 clausula
869 2674 1048 2747 inseratur,
1074 2674 1202 2757 “quod
1224 2674 1252 2737 si
1274 2674 1375 2738 dictis

266 2778 320 2842 die
341 2783 374 2842 et
395 2778 469 2843 loco
489 2799 558 2842 vna
578 2778 757 2843 nobiscum
778 2777 940 2845 canonice
960 2778 1128 2861 prepediti
1149 2799 1217 2843 non
1238 2778 1375 2862 possitis

266 2884 490 2966 personaliter
512 2884 684 2958 interesse,
709 2883 858 2966 aliquem
883 2883 924 2946 de
948 2883 1107 2965 Capitulo
1131 2889 1249 2947 nostro
1271 2903 1374 2967 quem

266 2987 433 3051 duxeritis
473 2988 676 3071 eligendum,
722 2988 781 3071 qui
826 2987 909 3050 velit
954 2988 1177 3069 personaliter
1214 2988 1374 3051 interesse

266 3097 419 3156 vestrum
455 3092 675 3156 constituatis
710 3097 977 3175 procuratorem,
1015 3092 1137 3156 dantes
1172 3092 1201 3155 ei
1237 3091 1374 3175 plenam

266 3203 475 3281 potestatem
505 3197 643 3261 nomine
673 3203 788 3261 vestro
819 3197 997 3261 nobiscum
1028 3196 1201 3261 tractandi
1231 3204 1264 3260 et
1295 3218 1374 3261 con-

265 3302 437 3366 senciendi
470 3302 629 3366 omnibus
663 3308 697 3365 et
731 3302 872 3385 singulis
905 3321 1007 3383 super
1038 3302 1164 3385 quibus
1198 3307 1280 3366 tunc
1314 3323 1375 3385 pro

267 3408 394 3471 honore
411 3413 445 3474 et
462 3406 614 3471 vtilitate
631 3406 768 3470 ecclesie
785 3406 983 3470 duxerimus
1000 3406 1224 3470 consentire.’'

356 3536 444 3599 Item
459 3541 632 3599 statutum
648 3542 698 3598 est
713 3535 807 3619 quod
822 3536 952 3599 habens
966 3535 1176 3618 prebendam
1191 3536 1374 3621 litigiosam
1415 3545 1446 3592 ln
1460 3546 1565 3594 caseos

266 3661 335 3704 non
359 3640 568 3704 admittatur
590 3640 632 3703 de
655 3648 767 3704 cetero
791 3640 835 3704 ad
859 3639 1064 3723 signandum
1088 3639 1203 3704 literas
1225 3661 1284 3705 seu
1308 3641 1375 3706 alia
1405 3613 1568 3742 ρὲζζξζζξῗὲ

266 3765 469 3828 quecunque
495 3746 559 3808 sub
586 3744 694 3828 sigillo
720 3745 880 3828 Capituli,
908 3764 970 3808 nec
997 3745 1040 3809 ad
1067 3745 1288 3809 residenciam
1315 3767 1374 3810 seu
1429 3760 1547 3794 acanon

267 3849 311 3913 ad
345 3849 493 3932 aliquem
528 3854 716 3913 tractatum
750 3870 810 3913 seu
843 3856 960 3913 actum
994 3869 1054 3932 per
1086 3849 1284 3932 Capitulum
1317 3871 1373 3915 ex·
1408 3816 1570 3928 cqqqqthct

267 3953 461 4026 ercendum,
513 3973 692 4036 quousque
743 3953 990 4036 possessionem
1041 3954 1219 4037 pacificam
1271 3955 1373 4019 fuerit
1432 3946 1544 3995 obtains

1416 4014 1563 4076 peaceable

267 4062 458 4140 assequtus.
1405 4080 1568 4142 possession.

356 4185 445 4249 Item
480 4185 514 4249 in
550 4185 648 4248 terris
683 4190 717 4247 et
752 4184 912 4248 domibus
946 4184 1198 4267 prebendarum
1233 4187 1304 4250 siue
1339 4187 1373 4250 in
1415 4196 1447 4244 In
1461 4197 1562 4261 letting

266 4290 347 4372 ipsis
384 4290 564 4372 prebendis
602 4289 646 4353 ad
682 4288 817 4352 firmam
855 4289 1080 4365 dimittendis,
1119 4290 1310 4356 Canonicus
1346 4292 1374 4356 si
1406 4264 1571 4389 Ιξᾏζξθᾞξι

265 4392 413 4458 voluerit
443 4414 505 4477 pro
535 4393 647 4477 equali
677 4394 790 4476 precio
820 4393 894 4456 aliis
924 4393 1125 4476 preferatur,
1157 4402 1191 4459 et
1221 4397 1248 4459 si
1278 4417 1374 4462 secus
1408 4411 1512 4446 canons
1525 4413 1571 4446 are

265 4504 384 4561 actum
410 4499 524 4573 fuerit,
551 4520 620 4562 non
646 4498 761 4562 valeat
788 4498 862 4581 ipso
888 4498 969 4572 iure,
997 4504 1031 4561 et
1058 4499 1302 4582 prebendarius
1328 4500 1375 4564 sic
1400 4465 1577 4580 tqrrsrpqque

266 4603 310 4666 ad
340 4602 475 4667 firmam
505 4603 695 4677 dimittens
727 4608 930 4666 extraneum
960 4603 1132 4668 Canonico
1162 4605 1373 4688 preferendo,

265 4728 340 4772 xxs.
357 4708 485 4771 fabrice
500 4707 637 4772 ecclesie
652 4708 783 4772 soluere
801 4713 970 4782 teneatur,
987 4713 1021 4770 et
1036 4707 1084 4770 sic
1098 4708 1211 4772 soluat
1227 4709 1269 4773 de
1284 4730 1375 4774 anno

244 4885 247 4889 ,
264 4812 300 4877 in
313 4829 447 4878 annum
465 4812 612 4878 durante
629 4812 826 4878 dimissione
842 4812 1053 4897 supradicta.
