3392 5650
313 737 375 814 104
594 732 672 794 Tne
698 720 854 795 lnonssr
878 726 1124 795 Manuscnrpr.

311 910 421 974 forma
445 909 704 974 constitucionis
731 909 870 992 (blank)¹
889 929 991 993 super
1012 909 1076 972 hoc
1097 908 1188 973 edite
1213 907 1316 972 libere
1341 928 1420 972 con-

311 1015 481 1089 codentes,
521 1020 695 1078 reseruata
733 1013 832 1078 nobis
871 1018 1045 1097 potestate
1085 1012 1421 1077 administracionem

312 1118 522 1183 consimilem
559 1118 799 1183 committendi
837 1117 915 1201 alijs
953 1117 1192 1182 executoribus
1229 1116 1264 1181 in
1302 1116 1422 1181 eodem

312 1229 522 1287 testamento
536 1222 722 1288 nominatis
738 1223 772 1286 in
787 1228 915 1286 euentu
929 1222 1007 1306 quis
1021 1242 1097 1286 eam
1111 1221 1258 1305 recipere
1272 1220 1420 1285 voluerit

311 1334 345 1391 et
370 1328 504 1392 habere.
562 1328 603 1391 ln
627 1348 654 1391 c.
681 1347 706 1392 r.
733 1331 757 1391 t.
784 1331 957 1409 presentes
980 1325 1097 1391 literas
1120 1326 1263 1410 predict.
1293 1324 1415 1409 (blank)

312 1431 453 1497 fecimus
466 1437 675 1496 testamento
689 1437 724 1495 et
738 1452 795 1495 eas
811 1430 920 1515 sigillo
936 1430 1019 1495 dicti
1037 1430 1186 1514 Capituli
1202 1428 1416 1495 communiri.

310 1536 390 1600 Dat.
417 1537 519 1601 Ebor.
546 1534 603 1619 xvj
631 1535 685 1600 die
708 1535 834 1601 mensis
858 1534 1043 1600 Nouembr.
1069 1535 1170 1600 Anno
1194 1534 1275 1599 D’ni
1300 1533 1417 1598 Mill’io

309 1653 408 1705 ccc¹¹¹⁰
425 1640 524 1724 lxxjo.

465 1807 552 1889 (164)
580 1807 765 1871 Pnossamo
788 1824 1014 1871 rnsrnusun
1043 1806 1266 1889 (PREDICTI).2

398 1950 438 2013 In
480 1948 543 2012 Dei
584 1949 732 2024 nomine,
769 1948 889 2013 Amen.
952 1949 1118 2013 Admissis
1153 1947 1416 2031 probacionibus

308 2053 507 2117 testamenti
536 2053 607 2117 d’ni
636 2051 738 2116 Will'i
767 2053 809 2116 de
838 2053 978 2128 Dalton‚
1008 2051 1117 2136 nuper
1145 2052 1306 2117 Canonici
1335 2051 1413 2116 eccl.

307 2157 404 2222 Cath.
431 2157 534 2221 Ebor.
560 2157 714 2221 defuncti
738 2178 854 2222 coram
878 2158 977 2222 nobis
1000 2158 1146 2223 Officiali
1173 2157 1295 2239 (blank)
1323 2156 1416 2221 beati

306 2261 417 2344 Joh'is
454 2261 626 2326 Beuerlac.
668 2261 790 2325 vltimo
830 2261 884 2326 die
923 2262 1048 2326 mensis
1088 2262 1278 2345 Septembr.
1315 2259 1416 2325 Anno

306 2366 387 2430 D'ni
413 2366 529 2429 Mill'io
553 2387 610 2430 ccc
634 2365 725 2450 lxxj⁰
749 2367 884 2431 racione
908 2368 1078 2431 bonorum
1104 2355 1175 2431 d’ni
1200 2365 1303 2430 Will’i
1328 2365 1416 2435 infra

306 2470 578 2561 iurisdiccionem
607 2470 649 2535 de
680 2471 801 2553 (blank)
834 2471 1060 2535 existencium
1088 2470 1123 2535 in
1152 2471 1263 2535 forma
1290 2469 1416 2534 statuti

305 2595 407 2658 super
435 2575 541 2657 (hoc)3
565 2575 659 2649 editi,
687 2575 790 2639 libere
816 2575 1042 2640 concedentes
1062 2596 1123 2659 per
1142 2580 1325 2660 presentes.
1374 2574 1415 2638 In

306 2701 334 2744 c.
361 2700 386 2743 r.
414 2685 438 2743 t.
465 2680 525 2764 sig.
552 2679 652 2743 officii
678 2680 786 2744 nostri
811 2680 1027 2762 presentibus
1052 2680 1284 2764 apposuimus.
1332 2679 1413 2743 Dat.

308 2783 439 2850 Beuerl.
461 2784 516 2849 die
535 2783 609 2849 loco
629 2789 663 2849 61
683 2804 774 2849 anno
793 2766 1009 2869 supradictis

384 2963 471 3046 (165)
501 2963 635 3046 (11111)2
660 2963 845 3028 Pnossncro
869 2980 1095 3028 rusrnnnurr
1119 2964 1342 3048 fenebrem?

397 3105 437 3169 In
470 3105 533 3169 Dei
565 3098 712 3180 nomine,
746 3105 867 3170 Amen.
916 3105 1089 3170 Vniuersis
1122 3106 1153 3170 S.
1188 3106 1232 3170 M.
1266 3106 1305 3170 E.
1339 3105 1417 3169 filiis

308 3215 427 3292 pateat
445 3230 505 3292 per
521 3215 695 3293 presentes
711 3209 805 3293 quod
822 3230 884 3274 nos
901 3210 972 3274 d’ni
990 3211 1149 3275 Dunelm.
1169 3211 1236 3295 ep'i
1252 3209 1415 3275 Officialis

307 3333 445 3396 presens
470 3319 719 3378 testamentum
744 3334 859 3377 coram
885 3314 1044 3397 Capitulo
1069 3315 1147 3379 eccl.
1175 3314 1248 3379 coll.
1277 3313 1414 3398 Rypon’

307 3417 371 3480 rite
391 3421 425 3480 et
444 3416 594 3501 legitime
613 3417 799 3500 probatum
819 3417 876 3500 xvj
900 3417 954 3483 die
974 3419 1099 3483 mensis
1118 3418 1200 3502 Julij
1224 3439 1315 3483 anno
1334 3418 1416 3483 D’ni

308 3520 425 3583 Mill'io
449 3532 548 3584 cccmo
571 3520 661 3604 lxxj⁰
685 3522 964 3604 approbauimus,
991 3522 1084 3604 Joh’i
1116 3522 1157 3587 de
1182 3523 1325 3587 Acastre
1349 3522 1416 3588 ciui

307 3625 410 3689 Ebor.
440 3631 474 3688 et
502 3624 583 3689 d'no
611 3625 740 3689 Thome
767 3627 810 3690 de
837 3625 1014 3702 Gretham,
1043 3627 1230 3711 capellan0,
1260 3648 1350 3692 exec.
1380 3627 1415 3691 in

307 3729 401 3793 dicto
430 3735 639 3794 testamento
667 3730 865 3806 nominatis
896 3731 1233 3796 administracionem
1261 3731 1415 3796 omnium

307 3834 476 3898 bonorum
512 3834 596 3898 dicti
633 3834 787 3899 defuncti
824 3834 914 3899 infra
949 3835 1224 3919 jurisdiccionem
1261 3841 1415 3901 nostram

379 4016 386 4039 ¹
408 4009 592 4074 “Legatine¹¹
617 4010 639 4058 is
665 4010 711 4059 the
737 4011 812 4060 word
832 4016 862 4059 to
881 4012 915 4061 be
934 4012 1069 4076 supplied.
1121 4014 1169 4062 See
1190 4014 1280 4076 Rtpon
1300 4013 1416 4076 Chapter

306 4089 378 4145 Acts,
394 4091 452 4150 278,
470 4089 689 4138 “executoribus
709 4126 715 4138 .
737 4126 742 4138 .
764 4127 770 4138 .
791 4089 891 4153 juratis
904 4091 932 4140 in
952 4090 1042 4141 forma
1055 4092 1265 4142 constitucionis
1278 4092 1415 4156 legatinae

305 4170 333 4218 in
353 4169 405 4218 hoc
423 4182 489 4218 casu
508 4167 627 4218 editae.''
666 4169 725 4218 The
743 4169 881 4220 reference
900 4185 988 4220 seems
1008 4177 1038 4220 to
1057 4173 1091 4220 be
1111 4176 1141 4221 to
1160 4173 1208 4221 the
1229 4171 1414 4221 constitution

305 4250 463 4298 Libertatem
488 4262 519 4297 or
543 4249 583 4298 De
609 4242 769 4298 Exeoutionc
804 4251 1039 4308 Testamentorum,
1066 4252 1094 4300 in
1126 4252 1174 4301 the
1206 4252 1415 4302 constitutiones

305 4329 448 4392 Legatt'nae
473 4328 586 4377 Domini
617 4329 746 4378 Othobom'
777 4331 923 4394 appended
955 4336 986 4379 to
1016 4332 1203 4395 Lyndwood's
1235 4332 1413 4388 Prooinciale.

305 4407 360 4457 Tit.
390 4421 428 4468 14,
451 4422 479 4471 p.
506 4420 553 4468 107
576 4408 605 4456 of
626 4407 674 4456 the
702 4408 906 4458 Constitutions
932 4411 961 4458 of
986 4411 1161 4467 Othobonus,
1185 4412 1213 4460 in
1238 4412 1286 4460 the
1308 4410 1415 4461 Oxford

306 4486 411 4536 edition
436 4486 465 4535 of
490 4487 538 4535 the
563 4487 740 4544 Provinciale,
769 4489 842 4549 1679.
891 4488 949 4536 The
971 4496 1116 4539 executors
1138 4505 1209 4539 were
1231 4490 1335 4546 bound,
1360 4491 1415 4539 and

305 4566 472 4622 sometimes,
487 4565 508 4613 if
521 4569 572 4614 not
583 4566 696 4629 always,
710 4581 809 4623 sworn,
824 4572 855 4617 to
868 4574 914 4617 act
933 4567 961 4616 in
980 4570 1150 4619 accordancc
1170 4570 1238 4618 with
1258 4569 1306 4618 the
1325 4569 1415 4619 above

306 4645 504 4700 constitution,
527 4658 558 4693 or
583 4645 696 4694 Statute
718 4661 748 4695 as
767 4647 790 4695 it
809 4647 831 4695 is
851 4646 928 4696 often
948 4649 1036 4697 called
1056 4649 1084 4698 in
1104 4649 1181 4698 these
1200 4650 1368 4699 certificatos
1387 4648 1417 4698 of

305 4725 431 4789 probate.

377 4834 387 4858 ²
405 4828 504 4878 Added
517 4828 595 4878 later.
668 4834 679 4866 ³
697 4830 755 4880 Not
767 4830 796 4879 in
810 4831 866 4880 MS.
