3392 5650
333 718 399 782 240
619 700 699 765 Tm!
724 700 880 765 Iseum·
904 700 1153 766 uaxrscmm.

336 883 423 961 (341)
463 882 643 945 amissio
680 898 843 945 suspen
882 881 927 944 ll.
966 881 1004 944 F.
1042 899 1093 945 ,iu
1130 898 1355 945 rntnexmu
1394 898 1443 945 ue

378 985 581 1050 Sronmr.

418 1140 617 1225 Capitulum
633 1194 640 1204 .
657 1194 664 1204 .
682 1194 688 1204 .
704 1115 1442 1225 i·en.xirollag'rol³111coniBermsmgham

153 1243 159 1250 ‘
200 1219 220 1251 ¹'
237 1218 277 1264 ²³
331 1265 378 1307 sa.
402 1246 435 1308 in
457 1247 611 1309 omnium
633 1245 815 1308 saluatore.
862 1245 918 1308 Ad
938 1245 996 1308 (a.
1018 1257 1053 1307 et
1074 1266 1125 1328 pr.
1147 1245 1191 1308 de
1211 1245 1379 1329 Studelay
1401 1299 1440 1310 ..

330 1350 393 1411 tibi
413 1370 473 1433 per
492 1350 576 1413 Reu.
596 1351 631 1413 in
652 1349 758 1433 Xp0.
780 1402 787 1412 .
806 1350 902 1412 d'nm
920 1348 1105 1433 Georgium
1124 1402 1131 1412 .
1152 1402 1160 1413 .
1178 1350 1334 1424 collatos,
1353 1361 1388 1413 te
1405 1351 1442 1414 in

330 1473 510 1536 personam
535 1454 659 1538 Rogeri
683 1454 837 1536 Piptrall
861 1506 868 1516 .
895 1506 902 1516 .
926 1474 967 1516 ac
990 1454 1103 1536 ipsum
1124 1463 1383 1536 procuratorem
1405 1455 1440 1517 in

328 1578 509 1641 personam
530 1559 579 1621 tui
599 1559 811 1628 admisimus,
831 1559 965 1641 tibique
982 1558 1123 1621 stallum
1142 1610 1150 1621 .
1172 1611 1179 1621 .
1201 1610 1208 1621 .
1229 1559 1438 1623 indusimus

328 1662 474 1745 Juribus
493 1716 500 1726 .
521 1716 529 1726 .
550 1716 557 1726 .
578 1662 691 1726 saluis.
740 1662 780 1725 ln
796 1683 825 1725 c.
845 1683 872 1725 r.
892 1674 917 1725 t.
937 1715 944 1724 .
964 1716 971 1725 .
991 1714 998 1725 .
1018 1662 1252 1745 apposuimus.
1300 1663 1382 1727 Dat.
1405 1665 1442 1727 in

327 1767 383 1831 do.
411 1768 485 1831 n’ra
512 1767 701 1851 Capitulan'
728 1767 762 1830 in
789 1767 879 1829 festo
904 1768 993 1829 Ann.
1021 1769 1055 1830 b.
1085 1767 1190 1830 llarie
1215 1768 1310 1851 l'irg.
1338 1769 1441 1831 Anno

329 1872 409 1936 D'ni
424 1872 603 1935 llillesimo
615 1871 955 1955 quadringentesimo
967 1872 1179 1954 sexagesimo
1190 1881 1328 1935 octauo.
1377 1873 1440 1950 (As

327 1978 364 2040 in
384 1978 448 2041 No,
469 1976 558 2056 316).

330 2173 418 2251 (342)
436 2169 613 2233 L1csxc1a
627 2185 863 2232 Pt'nirrcaxm
879 2185 1073 2232 irruam
1087 2185 1127 2231 rx
1140 2168 1307 2232 Canem
1320 2186 1439 2232 naara

372 2274 495 2338 ,itania
519 2273 761 2337 lisanum.

214 2502 219 2510 Ι
247 2476 252 2486 .
415 2427 613 2512 Capitulum
639 2426 719 2490 eccl.
747 2426 829 2490 Coll.
857 2429 891 2490 b.
918 2426 1067 2489 wilfridi
1093 2426 1219 2509 Ripon’
1246 2426 1439 2510 capellanis

199 2517 220 2549 ¹¹
264 2542 269 2550 '
327 2533 445 2596 diuina
477 2534 512 2595 in
542 2532 679 2614 Capella
711 2531 892 2614 hospitalis
923 2531 995 2593 b'te
1027 2530 1132 2594 llarie
1163 2530 1365 2615 Magdalene
1395 2532 1439 2594 de

329 2638 454 2721 Ripon'
490 2647 685 2700 nostrorum
722 2635 867 2717 teritorij
905 2645 940 2697 et
977 2635 1137 2718 parochie
1171 2635 1437 2705 celebrantibus.

327 2741 485 2805 salutem.
533 2742 579 2803 vt
603 2741 771 2825 Agnetem
796 2760 940 2803 vxorem
962 2739 1093 2802 Thome
1115 2738 1315 2814 ll'alnorth,
1338 2761 1438 2825 paro

325 2848 484 2911 chianam
499 2845 671 2930 prebende
685 2846 729 2908 de
743 2845 904 2908 Sharowe
918 2845 954 2908 in
968 2845 1049 2907 eccl.
1065 2844 1220 2928 predicta
1233 2866 1438 2929 puerperam

325 2960 403 3036 post
426 2960 566 3035 partum
582 2950 685 3034 prolis
701 2950 878 3012 ecclesiam
895 2949 990 3012 adire
1006 2950 1192 3022 volentem,
1210 2950 1245 3013 in
1262 2949 1437 3034 Capellam

324 3057 407 3120 dicti
444 3055 625 3139 hospitalis
660 3054 805 3117 valeatis
841 3054 1000 3137 recipere,
1037 3053 1137 3138 eique
1172 3055 1435 3118 sacramentalia

324 3161 518 3227 ministrare
548 3160 612 3222 hac
642 3159 717 3222 vice
746 3164 897 3231 tantum,
922 3159 1168 3222 auctoritatem
1191 3165 1226 3221 et
1256 3159 1435 3222 licenciam

324 3274 442 3329 tenore
460 3264 674 3349 presencium
691 3263 910 3326 concedimus
928 3263 1122 3346 specialem,
1141 3262 1226 3345 Jure
1245 3315 1253 3327 .
1273 3314 1282 3328 .
1303 3316 1311 3327 .
1330 3264 1435 3327 saluis

325 3371 432 3450 (asin
455 3370 519 3432 xo.
542 3372 632 3449 331).
680 3368 761 3430 Dat.
786 3419 793 3430 .
817 3419 825 3430 .
849 3419 857 3430 .
882 3367 990 3449 (asin
1013 3367 1078 3431 No.
1100 3366 1177 3447 338)
1200 3366 1431 3451 Commissarij

322 3475 430 3539 nostri
446 3480 574 3559 quarto
589 3473 644 3534 die
660 3471 786 3555 Aprilis
801 3471 903 3534 Anno
919 3470 1001 3534 D'ni
1018 3471 1190 3535 llillisimo
1204 3472 1434 3556 quadringen-

323 3579 447 3642 tesimo
466 3576 677 3660 sexagesimo
694 3583 830 3639 octauo,

321 3780 363 3844 82
376 3800 408 3843 v.
437 3783 526 3865 (343)
552 3781 783 3843 Aucromras
808 3795 1078 3843 sorssuxizaxm
1106 3791 1370 3844 uarmuoxiuu
1394 3798 1434 3845 m

367 3903 542 3951 aceresia
566 3901 777 3948 aomnseca

408 4042 606 4127 Capitulum
624 4040 704 4104 eccl.
722 4039 805 4103 Coll.
823 4040 858 4103 b.
878 4038 971 4102 Petri
988 4045 1024 4101 et
1041 4037 1189 4102 Wiliridi
1206 4038 1333 4122 Ripon'
1351 4041 1434 4105 d’no

163 4102 245 4176 ⁰⁰⁰²,
264 4168 269 4176 ¹
321 4149 452 4212 Thome
468 4146 610 4211 Nowble
626 4144 815 4230 presbitero
831 4143 1019 4227 parochiali
1035 4142 1114 4207 eccl.
1133 4163 1205 4226 par.
1222 4144 1266 4207 dc
1284 4144 1433 4229 Kyrkby

323 4251 523 4326 Malveserd,
541 4250 699 4314 salutem.
746 4247 845 4312 Vtin
862 4248 942 4310 eccl.
959 4267 1032 4330 par.
1051 4246 1094 4310 de
1112 4247 1260 4331 Kyrkby
1276 4249 1433 4332 predicta

321 4355 580 4421 matrimonium
612 4355 702 4418 inter
734 4352 862 4417 Will'm
894 4351 1091 4415 Thekeston
1123 4351 1166 4415 de
1199 4352 1356 4418 llasham
1389 4375 1432 4418 ex

320 4482 390 4526 vna
433 4466 532 4544 parte
574 4465 609 4522 et
653 4456 834 4522 Elizabeth
878 4455 1090 4520 Huchonson
1133 4456 1176 4520 de
1218 4456 1431 4542 Wynkeslay

250 4616 252 4621 -
320 4565 552 4637 Woddehous,
583 4562 829 4648 parochianam
858 4560 969 4624 n'ram
999 4580 1041 4623 ex
1071 4561 1180 4624 altera
1210 4568 1309 4645 parte
1340 4614 1348 4627 .
1382 4614 1389 4628 .
1423 4616 1430 4628 .

248 4680 250 4685 '
319 4672 423 4736 saluis
463 4671 514 4753 (as
550 4669 589 4732 in
626 4668 692 4731 No.
731 4668 821 4748 332).
869 4666 951 4729 Dat.
990 4665 1055 4729 sub
1093 4665 1154 4750 sig.
1194 4665 1426 4750 Commissarij

319 4775 511 4865 penultimo
529 4772 585 4837 die
603 4771 729 4837 mensis
747 4769 843 4854 Junij
865 4770 966 4834 Anno
985 4769 1066 4833 D’ni
1084 4780 1135 4834 m⁰
1150 4780 1243 4834 cccc⁰
1258 4770 1309 4835 lx⁰
1324 4771 1412 4854 viij0.
