3392 5650
305 705 347 765 3ο
579 684 663 749 Tur
689 686 843 749 lunrtnv
870 684 1130 748 Mnuuscurrr.

304 861 575 925 consuetudines
592 873 628 923 vt
652 859 886 925 verisimiliter
908 859 1082 923 credimus
1108 880 1176 923 non
1202 875 1284 923 sunt
1309 860 1408 925 vobis

306 959 495 1043 incognita,
511 960 554 1023 ad
574 960 789 1043 paternitatis
806 972 920 1023 tamen
940 971 1052 1022 vestre
1070 959 1272 1023 memoriam
1291 960 1408 1042 aliqua

304 1061 346 1124 de
391 1060 520 1124 eisdem
567 1060 733 1123 duximus
772 1059 977 1124 reducenda.
1059 1061 1097 1123 ln
1139 1060 1271 1144 primis,
1314 1061 1407 1144 quod

300 1158 502 1243 jurisdiccio
518 1159 721 1223 omnimoda
737 1158 929 1241 spiritualis
950 1160 983 1223 in
1005 1161 1120 1224 causis
1146 1161 1408 1225 matrimoniali-

304 1262 369 1322 bus
395 1272 428 1323 et
455 1259 722 1324 testamentariis
749 1281 789 1323 ac
816 1257 895 1343 alijs
922 1260 965 1323 ad
995 1260 1106 1323 sorum
1136 1260 1406 1324 ecclesiasticum

305 1360 557 1443 pertinentibus
591 1359 634 1422 ad
675 1359 763 1423 idem
797 1358 997 1442 Capitulum
1034 1360 1164 1443 Ripon'
1195 1361 1341 1443 pertinet
1373 1361 1406 1423 in

206 1452 209 1460 ’
306 1460 463 1542 personis
490 1471 523 1522 et
551 1460 653 1522 rebus
677 1457 916 1541 jurisdiccioni
942 1460 1097 1524 eiusdem
1123 1460 1282 1524 subditis.
1333 1460 1409 1524 Sub

304 1581 374 1642 quo
409 1562 526 1633 verbo,
569 1559 646 1622 licet
684 1560 803 1622 omnia
841 1558 957 1624 forsan
993 1559 1082 1643 juris
1123 1560 1409 1643 interpretacione

307 1660 502 1723 nocionalia
519 1659 657 1722 valeant
673 1658 933 1741 comprehendi,
949 1660 1068 1741 aliqua
1080 1672 1195 1724 tamen
1214 1659 1409 1743 specialiter

305 1759 470 1822 duximus
501 1758 737 1841 exprimenda,
773 1759 942 1834 videlicet,
982 1773 1134 1842 potestas
1168 1760 1407 1842 sequestrandi

305 1862 397 1922 bona
425 1857 665 1923 defunctorum
688 1872 721 1922 et
748 1858 856 1924 eciam
883 1859 1042 1922 viuorum
1070 1860 1102 1922 in
1128 1860 1268 1924 casibus
1291 1881 1312 1923 a
1336 1861 1408 1923 iure

307 1959 496 2043 permissis,
531 1959 834 2023 Testamentorum
877 1961 1040 2041 probacio
1078 1961 1291 2025 admittenda
1330 1982 1407 2025 cum

304 2059 467 2141 aliisque
485 2059 729 2141 probacionem
748 2060 942 2123 testamenti
962 2060 1162 2125 huiusmodi
1188 2062 1407 2137 comitantur,

307 2157 351 2221 Et
380 2157 412 2220 in
445 2158 547 2222 bonis
580 2158 818 2221 intestatorum
851 2159 1112 2224 administracio
1139 2160 1208 2245 juri
1241 2182 1407 2238 consona,

308 2258 519 2340 principalia
560 2258 669 2322 eciam
713 2279 773 2322 seu
816 2260 1002 2323 mortuaria
1040 2274 1110 2324 tam
1151 2261 1409 2326 Canonicorum

305 2380 409 2441 quam
428 2358 663 2441 quorumlibet
681 2358 917 2422 ministrorum
935 2360 1090 2425 eiusdem
1116 2362 1259 2426 ecclesie
1279 2362 1412 2445 Ripon'

307 2458 433 2522 ibidem
448 2458 706 2534 decedencium,
720 2470 753 2522 et
765 2458 912 2522 aliorum
931 2462 1166 2542 quorumlibet
1185 2462 1412 2545 parochiano-

309 2579 382 2620 rum
400 2558 568 2632 eiusdem,
598 2559 682 2622 ltem
703 2558 745 2621 de
769 2558 924 2641 quolibet
949 2559 1128 2624 Canonico
1152 2561 1306 2625 eiusdem
1325 2564 1406 2625 eccl.

310 2657 439 2740 Ripon'
467 2657 653 2721 decedente
682 2657 880 2740 vbicunque
904 2659 1089 2723 decesserit
1113 2681 1181 2722 vna
1204 2681 1291 2743 capa
1314 2661 1410 2725 chori

307 2758 359 2821 vel
396 2756 513 2821 decem
548 2778 651 2820 marc.
686 2757 821 2842 argenti
863 2779 925 2841 pro
957 2758 1089 2834 eadem,
1133 2759 1176 2822 Et
1217 2759 1411 2825 palefridus

307 2880 392 2921 suus
418 2858 548 2930 melior,
576 2858 604 2921 si
631 2857 757 2922 ibidem
783 2859 980 2934 decesserit,
1004 2861 1080 2924 loco
1105 2860 1294 2944 mortuarij,
1325 2863 1409 2925 ltem

307 2958 349 3021 de
372 2958 527 3040 quolibet
553 2957 660 3022 milite
684 2958 870 3023 decedente
894 2957 1087 3022 dextrarius
1107 2981 1192 3022 suus
1209 2982 1286 3024 cum
1305 2962 1411 3024 annis
1453 2965 1456 2968 ’

309 3058 526 3121 militaribus

309 3237 355 3300 13.
631 3223 702 3303 (34)
729 3222 785 3284 Du
812 3239 961 3284 DECIMIS
988 3240 1105 3285 snus.

395 3358 443 3437 (in
475 3360 505 3422 le
532 3358 613 3422 hors
641 3360 714 3422 clos
741 3373 774 3423 et
803 3359 836 3422 in
865 3360 895 3423 le
922 3359 1161 3444 Stubbynges
1226 3361 1411 3425 Sentencia

307 3459 491 3523 diffinitiua
510 3479 569 3541 per
585 3458 703 3522 d'num
723 3458 1011 3523 Commissarium
1030 3459 1133 3524 Curie
1153 3461 1256 3525 Ebor.
1308 3461 1351 3524 Et
1377 3462 1409 3524 in

309 3560 375 3622 isto
411 3561 515 3623 latere
555 3570 647 3642 patet
678 3559 761 3641 quid
794 3559 837 3622 sit
869 3560 958 3622 silua
989 3561 1108 3636 cedua,
1145 3582 1204 3644 per
1234 3562 1410 3644 quandam

307 3660 619 3738 declarationem).¹

113 3838 290 3899 364‚N0,‚29‚
396 3810 581 3874 Vniuersis
612 3831 639 3873 s
672 3831 716 3873 m.
751 3811 895 3874 ecclesie
926 3809 1008 3894 filijs
1035 3812 1078 3874 ad
1114 3832 1203 3893 quos
1236 3827 1412 3894 presentes

309 3912 404 3975 litere
437 3911 668 3993 peruenerint.
731 3910 812 3972 D'ni
846 3909 1016 3974 Officialis
1044 3910 1147 3975 Curie
1177 3911 1280 3975 Ebur.
1310 3913 1413 3977 Com·

310 4010 490 4075 missarius
529 4010 715 4092 generalis
757 4011 903 4074 salutem
945 4010 978 4072 in
1025 4011 1190 4074 Domino.
1268 4013 1412 4076 Nouerit

309 4111 518 4175 rniuersitas
536 4123 648 4174 vestra
667 4131 730 4173 nos
748 4111 941 4193 penultimo
958 4110 1013 4175 die
1038 4111 1168 4175 mensis
1187 4113 1409 4186 Nouembris

308 4233 402 4275 anno
442 4210 523 4274 D'ni
566 4211 728 4273 Mill'imo
766 4223 865 4274 cccm⁰
902 4210 1123 4292 sexagesimo
1161 4224 1295 4293 quarto,
1335 4233 1413 4276 sen-

308 4311 455 4375 tenciam
474 4310 695 4374 diffinitiuam
714 4310 748 4372 in
766 4310 918 4391 quadam
939 4331 1044 4373 causa
1060 4331 1173 4395 'super
1197 4313 1412 4394 prestacione

308 4411 484 4493 (decime)²
500 4412 589 4474 silue
605 4411 712 4474 cedue
735 4410 822 4473 inter
845 4422 958 4492 partes
984 4409 1218 4493 infrascriptas
1243 4411 1276 4473 in
1303 4411 1412 4475 forma

308 4532 376 4594 que
392 4511 550 4593 sequitur
564 4510 759 4593 protulisse.
801 4511 839 4572 ln
857 4509 921 4572 Dei
938 4509 1090 4586 nomine,
1107 4509 1232 4573 Amen.
1272 4511 1412 4574 Auditis

307 4625 340 4676 et
358 4611 539 4675 intellectis
558 4610 688 4674 meritis
704 4630 808 4673 cause
820 4630 926 4692 super
943 4610 1158 4692 prestacione
1174 4611 1307 4674 decime
1324 4612 1412 4676 silue

319 4725 349 4728 ”
373 4768 380 4790 1
400 4722 644 4811 nautarum?
675 4722 677 4725 ’
702 4759 961 4808 wultanus.
