3392 5650
307 679 369 762 136
656 682 735 746 Tur
761 661 916 746 lucium*
941 679 1186 747 blanuscum.

116 861 171 909 and
186 860 264 935 usual
304 868 469 924 consueta
509 881 569 944 per
608 860 741 924 dictum
780 860 959 924 dominum
1000 860 1195 943 Jolrannem
1235 859 1338 943 Clynt
1378 864 1413 922 et

127 941 252 975 mm
305 984 513 1028 successores
542 986 621 1028 suos
650 965 851 1048 Capellanos
881 964 1040 1029 Cantarie
1069 964 1221 1048 predicte
1250 963 1350 1028 nobis
1379 968 1414 1027 et

305 1069 555 1133 successoribus
583 1069 708 1133 nostris
736 1069 811 1133 loco
838 1076 873 1133 et
904 1069 1056 1133 terminis
1084 1068 1246 1152 predictis
1273 1067 1415 1153 singulis

306 1173 404 1237 annis
438 1173 691 1257 imperpetuum
724 1193 784 1257 per
816 1173 954 1257 equales
987 1174 1164 1257 porciones
1197 1173 1343 1237 fideliter
1374 1178 1415 1237 vt

305 1277 492 1361 predicitur
517 1278 751 1361 persoluenda
778 1278 931 1360 Juribus,
960 1278 1206 1353 iurisdiccione,
1232 1278 1413 1363 dignitate,

305 1381 475 1456 libertate,
504 1381 691 1466 priuilegio
719 1389 754 1445 et
782 1382 910 1446 honore
936 1382 1044 1447 nostri
1072 1388 1107 1446 et
1134 1382 1271 1447 ecclesie
1298 1388 1415 1447 nostre

306 1486 458 1570 predicte
478 1486 512 1551 in
531 1487 691 1551 omnibus
709 1507 843 1571 semper
861 1486 974 1551 saluis.

396 1643 435 1705 In
464 1661 611 1725 quorum
639 1642 793 1704 omnium
822 1641 1058 1705 testimonium
1088 1648 1192 1725 atque
1221 1641 1324 1705 fidem
1352 1640 1415 1704 has

308 1746 422 1810 literas
434 1752 594 1830 patentes
605 1744 703 1829 sigilli
716 1744 824 1808 nostri
836 1745 1045 1828 appensione
1058 1746 1199 1810 lecimus
1211 1744 1415 1810 communiri

307 1851 388 1914 Dat.
408 1851 501 1934 apud
518 1850 634 1933 Thorp
651 1850 749 1913 iuxta
767 1849 870 1912 Ebor.
890 1849 1023 1913 decimo
1040 1850 1094 1913 die
1112 1850 1237 1914 mensis
1255 1848 1429 1933 Januarijv

307 1955 407 2019 Anno
437 1955 515 2020 D’ni
546 1954 699 2018 Mill'imo
727 1966 826 2017 ccc¹¹¹⁰
854 1954 1071 2039 Sexagesimo
1103 1975 1205 2030 nono,
1236 1959 1270 2018 et
1299 1958 1415 2018 nostre

308 2060 545 2125 translacionis
563 2059 696 2123 decimo
715 2065 849 2123 octauo.

811 2229 911 2311 (211).

132 2387 259 2445 ¹369-70·
396 2382 441 2445 Et
460 2402 522 2445 nos
541 2381 739 2465 Capitulum
758 2381 895 2445 ecclesie
914 2381 1006 2445 beati
1027 2381 1119 2445 Petri
1139 2381 1254 2455 Ebur,
1275 2380 1415 2443 Decano

111 2452 293 2606 *affiget
307 2486 458 2551 eiusdem
498 2486 532 2550 in
573 2486 711 2549 remotis
751 2493 884 2570 agente,
914 2485 1095 2569 prehabita
1134 2484 1337 2549 sufficienti¹
1380 2488 1414 2547 et

112 2610 215 2658 rYork
235 2608 294 2658 also
308 2596 461 2655 tractatu
483 2590 637 2675 diligenti
659 2590 718 2674 qui
741 2590 926 2674 requiritur
947 2590 981 2653 in
1005 2590 1068 2653 hoc
1090 2610 1171 2654 casu
1193 2589 1235 2653 de
1258 2594 1292 2653 et
1314 2608 1416 2671 super

112 2675 292 2797 l'ffissnssnd
308 2695 591 2780 augmentacione
615 2695 774 2758 Cantarie
798 2694 950 2778 predicte
975 2694 1019 2758 ad
1044 2695 1232 2758 instantem
1256 2713 1415 2778 procura-

307 2800 440 2865 cionem
468 2799 612 2883 predicti
640 2799 711 2864 d’ni
740 2799 855 2865 Dauid
884 2800 918 2863 in
947 2799 1041 2864 dicta
1068 2799 1208 2863 ecclesia
1236 2797 1415 2882 collegiata

310 2905 434 2988 Ripon'
450 2925 510 2988 per
524 2904 697 2987 prelatum
713 2905 937 2969 reuerendum
953 2905 987 2968 in
1003 2925 1072 2988 xpo
1087 2910 1221 2987 patrem
1237 2903 1415 2967 dominum

309 3008 612 3092 Archiepiscopum
633 3009 736 3072 Ebor.
759 3015 798 3072 vt
820 3008 1000 3091 prefertur,
1023 3009 1116 3073 facta
1137 3030 1176 3072 ac
1198 3008 1239 3072 de
1260 3014 1294 3071 et
1315 3027 1417 3090 super

309 3114 430 3177 ceteris
452 3114 485 3177 in
508 3112 609 3176 dictis
631 3113 737 3177 literis
758 3114 883 3196 prelati
906 3113 1081 3177 reuerendi
1103 3112 1212 3196 patris
1233 3110 1415 3185 contentis,

310 3217 590 3281 concurrentibus
617 3218 776 3282 omnibus
802 3225 836 3281 et
864 3217 1004 3301 singulis
1030 3237 1097 3301 que
1124 3217 1166 3280 de
1192 3216 1264 3280 iure
1291 3215 1325 3279 in
1353 3215 1417 3278 hac

311 3328 409 3406 parte
436 3322 666 3405 requiruntur,
694 3323 838 3386 eandem
866 3321 1120 3386 ordinacionem
1147 3326 1181 3384 et
1208 3319 1276 3384 alia
1302 3319 1418 3383 omnia

311 3434 345 3490 et
361 3426 493 3510 singula
508 3425 706 3508 supradicta
720 3433 892 3509 quatenus
907 3426 951 3490 ad
967 3446 1028 3490 nos
1043 3426 1170 3490 attinet
1186 3429 1415 3508 acceptamus,

301 3530 532 3604 ratificamus,
556 3536 590 3593 et
614 3531 857 3614 approbamus,
882 3552 922 3595 ac
944 3531 1052 3594 eciam
1075 3529 1327 3594 confirmamus.
1376 3527 1416 3591 ln

311 3655 458 3719 quorum
475 3634 628 3698 omnium
646 3635 882 3699 testimonium
899 3634 1045 3719 sigillum
1062 3641 1219 3698 nostrum
1235 3652 1416 3697 commune

312 3738 527 3823 presentibus
553 3744 604 3801 est
632 3760 832 3823 appensum.
881 3739 961 3804 Dat.
991 3740 1024 3804 in
1052 3739 1155 3804 domo
1182 3743 1300 3802 nostra
1326 3735 1416 3819 capi-

313 3843 426 3919 tulari,
450 3842 611 3906 vicesimo
632 3843 687 3907 die
708 3844 833 3907 mensis
856 3844 999 3928 predicti
1021 3843 1190 3927 Januarij,
1214 3842 1314 3907 Anno
1337 3840 1417 3904 D'ni

313 3948 521 4034 supradicto

815 4117 916 4199 (212).

139 4287 266 4348 ¹369-70.
402 4267 447 4331 Et
468 4288 530 4331 nos
549 4267 747 4350 Capitulum
767 4270 846 4332 eccl.
869 4270 901 4333 b.
924 4269 1070 4332 Wilfridi
1092 4268 1216 4352 Ripon,
1238 4265 1419 4351 prehabita

128 4352 213 4480 ἓξὲξ
222 4353 269 4478 gie
312 4372 492 4436 sufficienti
508 4371 755 4437 deliberacione
770 4379 804 4437 et
820 4380 974 4438 tractatu
989 4372 1143 4458 diligenti
1160 4424 1166 4436 .
1186 4424 1191 4436 .
1211 4423 1217 4436 .
1235 4371 1268 4435 in
1284 4370 1419 4455 prelata

118 4498 240 4561 chapter
252 4495 282 4544 or
312 4482 430 4541 nostra
457 4476 597 4540 ecclesia
626 4528 632 4541 .
664 4528 670 4541 .
703 4529 708 4541 .
738 4485 836 4542 sexto
865 4478 919 4542 die
947 4478 1072 4543 mensis
1100 4474 1288 4574 Februarij,
1318 4475 1419 4539 Anno

147 4563 247 4628 Ripon.
313 4580 393 4645 D’ni
411 4581 620 4665 supradicto
671 4583 785 4664 (Form
804 4582 869 4647 No.
890 4583 979 4667 211).

957 4674 961 4683 ι

383 4785 390 4807 ¹
412 4783 427 4802 “
438 4780 639 4829 deliberacione
650 4781 666 4800 ''
680 4781 800 4830 omitted
813 4781 842 4830 in
855 4782 911 4832 MS.
