3392 5650
651 739 745 798 Acrs
769 750 814 797 or
837 732 1018 799 Chaerea.
1329 747 1392 811 251

282 912 481 995 Capitulum
509 912 598 975 infra
626 911 737 975 dictos
761 912 886 996 viginti
912 912 983 975 dies
1011 911 1171 975 Cantarie
1199 909 1396 974 huiusmodi
1427 908 1582 1022 flflpptwss

283 1016 468 1099 Capellano
492 1015 628 1099 ydoneo
653 1036 722 1080 non
747 1016 932 1080 contulerit
957 1022 998 1079 vt
1023 1016 1154 1079 dictum
1180 1021 1242 1089 est,
1269 1020 1397 1078 extunc
1435 987 1593 1103 {dimidii

284 1121 435 1184 eiusdem
462 1120 622 1183 Cantarie
647 1120 789 1183 collacio
815 1120 860 1184 ad
885 1120 1115 1184 venerabilem
1140 1125 1275 1203 patrem
1301 1118 1396 1181 d'nm
1410 1106 1600 1221 qgg'ffifffigffi

284 1225 480 1308 Archiep'm
503 1224 606 1288 Ebor.
630 1224 690 1308 qui
710 1244 772 1308 pro
792 1230 946 1308 tempore
972 1224 1036 1307 (86)
1063 1224 1166 1287 fuerit
1185 1224 1264 1287 sede
1284 1223 1395 1305 plena,
1410 1210 1467 1288 ¹the
1481 1187 1600 1314 cnihter

283 1335 318 1392 et
348 1350 388 1392 ea
418 1334 566 1392 vacante
597 1328 642 1394 ad
673 1328 841 1392 decanum
874 1335 908 1392 et
938 1328 1137 1412 Capitulum
1168 1327 1258 1391 Eccl.
1291 1327 1394 1390 Ebor.
1440 1307 1469 1356 ⁰¹
1483 1306 1584 1369 R¹PO11‚

284 1439 355 1507 aut,
381 1433 455 1516 ipso
479 1433 619 1496 Decano
639 1433 791 1507 absente,
810 1432 855 1496 ad
872 1432 1005 1497 dictum
1021 1432 1219 1515 Capitulum
1243 1431 1300 1494 illa
1322 1430 1397 1494 vice
1422 1397 1597 1527 {23ssssssss

283 1538 388 1600 libere
419 1536 635 1611 deuoluatur,
661 1536 766 1601 Salua
791 1537 895 1600 michi
920 1543 955 1600 et
980 1537 1161 1601 heredibus
1187 1536 1271 1600 meis
1296 1535 1398 1620 plena
1445 1532 1474 1579 or
1490 1532 1575 1582 York.

284 1646 458 1724 potestate
497 1639 541 1704 ad
578 1640 708 1704 dictam
746 1640 946 1705 Cantariam
985 1640 1068 1705 alias
1105 1661 1183 1705 cum
1220 1639 1397 1704 vacauerit

284 1746 509 1828 Capellanum
533 1744 708 1828 ydoneum
734 1744 965 1828 presentandi.
1026 1745 1148 1809 Dictus
1173 1765 1254 1808 vero
1280 1744 1397 1827 Capel-
1441 1736 1584 1867 ffliffl

285 1850 385 1913 lanus
398 1855 433 1912 et
445 1869 654 1913 successores
667 1849 719 1913 sui
732 1850 941 1934 quicumque
954 1850 1013 1934 qui
1028 1870 1090 1933 pr0
1104 1855 1257 1933 tempore
1270 1849 1398 1913 fuerint
1579 1841 1584 1852 ’

286 1975 348 2037 pro
369 1954 497 2018 salubri
519 1959 615 2017 statu
636 1954 703 2016 mei
724 1954 837 2035 J0h’is
859 1955 901 2018 de
923 1954 1118 2017 Clotherom
1140 1960 1175 2017 et
1196 1953 1307 2017 salute
1328 1953 1400 2017 ani-

286 2079 421 2122 marum
442 2058 622 2121 Tessancie
643 2064 678 2121 et
699 2058 805 2122 Alicie
826 2079 974 2123 vxorum
995 2079 1160 2133 mearum,
1183 2058 1254 2122 d’ni
1276 2058 1401 2142 Rogeri

286 2163 463 2247 quondam
489 2162 597 2246 patris
622 2162 700 2237 mei,
728 2169 762 2226 et
788 2162 867 2227 d'ne
893 2164 1053 2245 Johanne
1078 2162 1255 2247 quondam
1280 2161 1401 2225 matris

287 2289 371 2342 mee,
398 2274 432 2331 et
458 2267 612 2330 omnium
638 2267 822 2331 liberorum
848 2274 883 2331 et
908 2268 1072 2332 heredum
1092 2287 1256 2341 meorum,
1277 2267 1401 2351 Rogeri

289 2372 331 2435 de
353 2372 549 2436 Clotherom
570 2377 604 2434 et
626 2370 771 2435 aliorum
792 2372 939 2435 fratrum
960 2378 995 2435 et
1012 2392 1177 2446 sororum,
1195 2377 1230 2435 et
1247 2371 1401 2435 omnium

289 2482 543 2540 antecessorum
584 2495 750 2549 meorum,
789 2497 828 2539 ac
865 2476 974 2539 eciam
1013 2496 1075 2560 pro
1116 2496 1164 2540 sa.
1208 2476 1401 2539 animarum
1479 2503 1482 2508 ·

287 2580 432 2643 Galtridi
447 2580 587 2663 Pygott,
604 2579 705 2662 Joh’e
719 2585 754 2642 et
769 2579 951 2643 Elizabeth
965 2600 1113 2644 vxorum
1127 2598 1277 2654 suarum,
1293 2579 1401 2662 patris

286 2684 338 2748 sui
357 2690 391 2747 et
410 2684 530 2747 matris
549 2704 619 2758 sue,
640 2684 798 2758 fratrum,
818 2704 984 2759 sororum,
1005 2690 1040 2747 et
1058 2683 1243 2747 liberorum
1261 2703 1401 2747 suorum

288 2787 463 2873 Ranulphi
496 2793 531 2851 et
563 2787 684 2871 Joh’is,
714 2793 748 2850 et
777 2787 932 2852 omnium
963 2794 1217 2852 antecessorum
1249 2807 1399 2861 suorum,

286 2914 420 2958 necnon
444 2913 506 2976 pro
530 2892 659 2956 salubri
683 2898 779 2956 statu
803 2892 965 2956 Willelmi
990 2893 1032 2956 de
1057 2893 1272 2976 Meryngton,
1298 2892 1401 2956 Will’i

287 2997 329 3062 de
358 2997 557 3081 Slengesby,
589 2996 690 3079 Joh'e
718 2996 835 3059 vxoris
864 3017 935 3072 sue,
965 2997 1076 3079 Joh'is
1106 2996 1236 3080 Bayne,
1266 3002 1301 3060 et
1330 2996 1401 3061 d'ni

287 3101 427 3165 Will’mi
454 3101 496 3164 de
524 3100 723 3184 Plumpton,
751 3100 937 3184 Capellani,
966 3107 1000 3164 et
1027 3101 1220 3165 animarum
1247 3100 1401 3164 omnium

287 3205 521 3289 predictorum
540 3225 619 3268 cum
639 3205 683 3268 ab
702 3204 767 3268 hac
786 3204 861 3269 luce
880 3205 1115 3289 migrauerint,
1136 3210 1171 3268 et
1190 3225 1252 3289 pro
1272 3204 1401 3269 anima-

290 3311 355 3374 bus
371 3309 525 3373 omnium
548 3314 743 3392 parentum,
761 3309 962 3385 amicorum,
986 3316 1022 3373 et
1045 3310 1305 3374 benefactorum
1328 3329 1401 3392 pre-

288 3415 472 3489 dictorum,
503 3419 539 3476 et
569 3413 751 3478 animabus
781 3414 936 3478 omnium
965 3414 1118 3478 fidelium
1147 3414 1400 3489 defunctorum,

289 3519 512 3602 omniumque
545 3518 674 3581 dictam
706 3517 906 3582 Cantariam
937 3519 1241 3583 manutenencium
1272 3518 1327 3582 vel
1358 3519 1402 3582 ad

289 3622 591 3706 supportacionem
612 3622 764 3686 eiusdem
784 3623 839 3686 vel
860 3623 968 3687 diuini
988 3624 1102 3688 cultus
1123 3629 1347 3708 augmentum
1367 3623 1402 3687 in

288 3726 408 3790 eadem
422 3726 464 3789 de
477 3725 654 3790 bonissibi
667 3747 688 3789 a
701 3726 775 3790 Deo
788 3727 922 3791 collatis
935 3729 1122 3812 quicquam
1135 3727 1400 3792 conferencium1

288 3831 353 3894 sub
372 3831 437 3894 hac
455 3831 566 3894 forma
584 3830 842 3913 imperpetuum
861 3831 1085 3897 celebrabunt
1100 3853 1107 3909 ;

375 3986 561 4063 Videlicet,
590 3983 731 4068 singulis
762 3984 882 4050 diebus
905 3986 1084 4051 dominicis
1107 3988 1148 4051 de
1171 3987 1236 4063 die,
1260 3987 1400 4072 singulis
1462 4011 1568 4075 Special

288 4111 370 4154 vero
387 4091 507 4155 diebus
523 4088 661 4154 sabbati
678 4088 720 4151 de
737 4089 910 4154 Domina2
926 4098 1030 4174 prout
1046 4092 1220 4176 exigencia
1236 4092 1400 4177 temporis
1414 4078 1571 4194 Meffifflss
1587 4080 1600 4128 l

289 4195 325 4258 id
350 4195 533 4278 permittit,
559 4192 700 4277 singulis
725 4199 842 4257 autem
868 4195 944 4278 alijs
969 4195 1089 4260 diebus
1114 4197 1159 4260 ad
1183 4197 1401 4273 voluntatem
1564 4182 1571 4196 ’

289 4299 356 4362 mei
375 4306 410 4363 et
428 4300 594 4363 heredum
613 4317 778 4373 meorum,
799 4304 833 4361 et
853 4299 917 4363 hoc
936 4299 1064 4363 facient
1082 4321 1300 4385 quacumque
1318 4301 1403 4364 hora

290 4404 356 4468 diei
378 4403 589 4487 competenti
611 4423 681 4485 qua
703 4422 745 4465 ex
767 4409 867 4485 parte
888 4424 966 4467 mea
987 4404 1042 4467 vel
1063 4404 1227 4469 heredum
1249 4425 1403 4469 meorum

291 4508 418 4572 luerint
439 4528 586 4592 congrue
608 4505 774 4589 requisiti,
797 4506 847 4571 ita
869 4513 986 4571 tamen
1007 4509 1101 4592 quod
1121 4508 1263 4593 singulis
1284 4508 1405 4572 diebus

366 4663 372 4684 ¹
392 4659 448 4707 MS.
464 4659 513 4707 has
529 4667 543 4682 ‘¹
553 4661 769 4711 conferencius.'’

360 4749 426 4798 2Οἱ
451 4750 509 4799 Our
534 4751 623 4815 Lady‚
651 4759 682 4802 to
701 4753 793 4800 whom
814 4750 955 4812 Saturday
975 4765 1031 4798 was
1051 4750 1197 4813 especially
1216 4752 1404 4799 consecrated.

290 4830 344 4880 For
358 4829 407 4879 the
420 4843 524 4879 masses
539 4831 608 4880 “De
622 4832 771 4890 Domina,'’
786 4844 831 4880 see
846 4829 924 4878 York
937 4829 1032 4878 Missal
1047 4830 1181 4890 (Surtees)
1203 4830 1240 4887 II,
1259 4832 1360 4880 160-16
1363 4844 1386 4894 3.
