3392 5650
382 684 446 771 248
672 684 751 752 'lna
776 685 933 752 lnortssr
957 684 1205 751 Manuscmpr.

382 868 608 933 effectualiter
644 888 712 931 non
745 867 873 940 fecerit,
907 878 968 930 aut
1005 866 1039 929 in
1076 866 1261 930 collacione
1298 863 1496 929 huiusmodi

192 982 225 1030 In
239 997 301 1031 case
315 982 343 1029 οί
382 972 535 1036 cantarie
553 993 593 1035 ac
610 971 811 1035 induccione
829 970 1026 1034 huiusmodi
1044 970 1214 1054 necligens
1233 968 1347 1044 luerit,
1367 973 1496 1033 extunc

191 1047 352 1176 :ffcpffssisffi
382 1076 542 1140 volumus
563 1081 598 1138 et
620 1075 819 1139 ordinamus
839 1074 934 1159 quod
956 1074 1021 1138 illis
1042 1074 1176 1137 vicibus
1197 1079 1232 1136 et
1253 1073 1319 1137 illis
1340 1072 1495 1136 vacacio-

200 1182 230 1231 οἱ
243 1180 328 1230 York.
382 1179 494 1253 nibus
507 1180 653 1243 durante
664 1178 871 1263 necligencia
881 1178 1087 1252 huiusmodi,
1100 1179 1186 1241 bene
1197 1177 1298 1240 liceat
1308 1174 1495 1239 venerabili

382 1284 473 1368 patri
496 1290 530 1347 et
552 1283 644 1358 d’n0,
668 1283 760 1347 D'no
782 1283 885 1347 Ebor.
909 1282 1091 1366 Archiep'o
1113 1282 1192 1345 sede
1214 1281 1315 1364 plena
1336 1280 1392 1344 de1
1415 1279 1495 1344 sede

382 1394 529 1451 vacante
552 1408 629 1452 ven.
654 1387 814 1471 Capitulo
837 1386 928 1451 Eccl.
955 1387 1072 1461 Ebor,
1097 1387 1181 1469 Jure
1204 1392 1322 1449 tamen
1345 1383 1495 1468 Capituli

382 1492 462 1556 eccl.
481 1492 596 1576 Ripon
613 1491 765 1574 predicte
781 1491 897 1575 quoad
915 1491 1050 1555 futuras
1066 1489 1267 1554 vacaeiones
1284 1490 1318 1553 in
1335 1488 1496 1553 omnibus

382 1616 516 1679 semper
537 1596 644 1670 saluo,
667 1594 797 1659 dictam
820 1594 1019 1659 Cantariam
1041 1594 1131 1679 gilde
1153 1600 1188 1657 et
1210 1593 1328 1657 altaris
1350 1592 1494 1677 predict.

383 1700 441 1763 vni
468 1699 653 1783 Capellano
678 1700 823 1764 honesto
849 1705 885 1762 et
910 1698 1046 1782 ydoneo
1072 1698 1224 1762 conferre
1250 1703 1285 1760 et
1311 1696 1494 1781 assignare,

384 1810 417 1867 et
438 1804 551 1887 ipsum
572 1803 795 1887 Capellanum
815 1804 851 1891 in
871 1802 1016 1867 eandem
1036 1802 1228 1867 cantariam
1248 1801 1363 1866 induci
1384 1801 1496 1865 tacere

383 1914 423 1971 vt
465 1908 644 1991 prefertur,
688 1908 912 1991 pretatusque
954 1907 1031 1971 d'ns
1074 1906 1266 1981 Robertus,
1302 1926 1362 1990 per
1402 1926 1496 1969 nunc

383 2012 587 2095 Capellanus
603 2011 695 2075 dicte
712 2011 883 2087 Cantarie,
902 2033 943 2076 ac
959 2032 1077 2075 omnes
1094 2016 1129 2074 et
1146 2010 1269 2095 singuli
1286 2029 1495 2074 successores

383 2116 434 2179 sui
450 2116 602 2179 eiusdem
617 2116 777 2179 Cantarie
792 2116 900 2180 futuri
916 2115 1083 2199 capellani
1098 2115 1133 2179 in
1148 2114 1288 2199 singulis
1303 2112 1495 2178 collacioni-

192 2214 318 2329 haplaprs
339 2218 370 2263 t⁰
384 2221 448 2284 bus
463 2219 660 2284 huiusmodi
672 2219 832 2284 Cantarie
849 2221 1013 2284 faciendis
1029 2220 1123 2284 dicto
1135 2218 1322 2282 venerabili
1335 2217 1495 2302 Capitulo

199 2294 341 2397 cilinia
384 2325 463 2388 eccl.
486 2323 567 2388 Coll.
591 2323 716 2408 Ripon’
739 2330 774 2387 et
794 2325 864 2389 suis
884 2345 978 2389 more
998 2324 1100 2388 solito
1120 2323 1289 2407 prestabit
1310 2329 1344 2386 et
1365 2328 1495 2406 presta-

191 2414 370 2543 ffidffitg?
384 2428 473 2492 bunt
492 2428 693 2492 canonicam
714 2428 950 2493 obedienciam
969 2427 1064 2513 quod
1083 2427 1153 2491 sint
1173 2427 1325 2491 eiusdem
1345 2426 1495 2511 Capituli

198 2548 227 2597 or
241 2546 342 2610 Ripon.
383 2532 454 2598 suis
479 2532 691 2616 temporibus
716 2533 845 2597 subditi
872 2539 906 2596 et
931 2532 1076 2597 subiecti
1101 2538 1205 2616 prout
1230 2529 1285 2615 alij
1314 2530 1431 2613 vicarij
1456 2537 1494 2595 et

384 2635 532 2702 ministri
551 2637 688 2701 ecclesie
708 2637 833 2721 Ripon’
854 2637 1017 2721 predicte.

191 2843 315 2905 eustouy
326 2844 355 2891 of
476 2814 516 2880 In
550 2837 697 2901 quorum
732 2816 887 2881 omnium
922 2815 1158 2880 testimonium
1193 2837 1233 2880 ac
1267 2814 1370 2880 fidem
1404 2814 1495 2899 parti

191 2909 360 3024 ,glr‘tesfflfffie
387 2919 488 2983 huius
511 2920 691 2984 indenture
713 2921 785 2984 siue
807 2926 901 2984 carte
924 2920 1097 3004 tripartite
1119 2940 1223 3004 penes
1245 2919 1377 2984 dictum
1399 2919 1495 2983 d'nm

191 3041 350 3092 Inuenture.
388 3022 555 3088 Rob'tum
574 3023 719 3088 Witton’
740 3024 963 3108 Capellanum
982 3030 1017 3087 et
1035 3045 1115 3089 suos
1133 3044 1341 3088 successores
1360 3024 1495 3088 tuturos

386 3127 579 3210 capellanos
605 3129 796 3193 remanenti
821 3129 931 3213 sigilla
956 3134 1074 3193 nostra
1098 3134 1180 3193 sunt
1206 3149 1369 3213 appensa,
1396 3128 1495 3192 alteri

385 3250 466 3295 vero
489 3232 580 3316 parti
602 3253 706 3316 penes
728 3253 790 3296 nos
814 3254 854 3296 ac
876 3233 998 3296 fratres
1021 3239 1056 3296 et
1078 3253 1209 3297 sorores
1231 3232 1320 3316 gilde
1342 3233 1496 3317 predicte

385 3335 575 3399 remanenti
592 3336 740 3420 sigillum
757 3337 961 3400 venerabilis
978 3336 1127 3421 Capituli
1144 3336 1344 3420 supradicti,
1362 3356 1495 3401 necnon

384 3437 532 3522 sigillum
545 3438 629 3503 dicti
643 3439 714 3503 d’ni
730 3439 849 3504 Rob’ti
863 3439 997 3505 Witton
1011 3441 1178 3526 capellani
1192 3461 1302 3526 prose
1317 3446 1352 3504 et
1365 3462 1495 3505 succes-

384 3541 517 3606 soribus
530 3543 599 3606 suis
613 3543 704 3607 dicte
718 3544 877 3608 Cantarie
892 3545 1017 3609 tuturis
1030 3545 1222 3629 Capellanis
1235 3551 1316 3610 sunt
1330 3566 1493 3630 appensa,

385 3647 432 3710 Et
448 3647 550 3710 tercie
566 3648 657 3732 parti
673 3669 776 3732 penes
793 3649 925 3713 dietum
941 3648 1135 3713 venerabile
1151 3649 1350 3734 Capitulum
1368 3650 1493 3734 Ripon’

384 3752 574 3815 remanenti
595 3772 657 3835 pro
677 3773 717 3815 eo
737 3752 831 3837 quod
851 3753 998 3839 sigillum
1015 3774 1196 3818 commune
1217 3753 1261 3818 ad
1282 3775 1404 3818 manus
1424 3775 1494 3819 non

384 3854 551 3919 habemus
573 3856 721 3941 sigillum
745 3856 899 3921 Decani2
922 3857 1046 3941 Ripon’
1072 3857 1199 3943 apponi
1223 3859 1493 3942 procurauimus,

384 3980 516 4023 necnon
552 3960 611 4045 sig.
650 3961 721 4025 d’ni
757 3961 877 4026 Rob’ti
912 3961 1047 4026 Witton
1082 3961 1256 4046 Capellani
1291 3983 1353 4046 pro
1388 3983 1423 4027 se
1458 3969 1493 4027 et

383 4064 633 4129 successoribus
656 4065 726 4129 suis
750 4071 801 4129 est
825 4086 1026 4150 appensum.
1075 4066 1153 4150 Hijs
1176 4067 1335 4142 testibus,
1360 4067 1493 4132 Thoma

384 4166 655 4253 Markyngteilde
679 4168 797 4244 Milite,
822 4169 956 4254 Rogero
979 4169 1115 4245 Warde,
1139 4169 1288 4234 Will’mo
1312 4172 1491 4248 Fencotez,

384 4271 484 4353 Joh’e
511 4272 634 4356 Pygot,
661 4272 811 4337 Will’mo
837 4273 1005 4350 Tanfeild,
1032 4274 1182 4338 Will'mo
1208 4275 1332 4351 Stowe,
1359 4276 1493 4341 Thoma

383 4374 425 4438 de
458 4375 642 4460 Balderby,
676 4383 710 4440 et
743 4377 829 4461 aliis,
878 4378 959 4441 Dat.
994 4378 1087 4461 apud
1120 4378 1245 4463 Ripon’
1279 4386 1405 4464 quarto
1437 4380 1492 4444 die

381 4477 567 4545 Nouembr.
588 4481 689 4545 Anno
708 4480 789 4545 D'ni
809 4481 951 4546 Mill’mo
970 4497 1088 4546 ccccm0
1105 4488 1204 4547 sexto
1223 4483 1366 4549 decimo,

687 4620 780 4627 —-

451 4686 458 4708 ¹
478 4683 515 4731 So
527 4683 555 4730 in
568 4683 635 4740 MS„
650 4698 737 4747 query
753 4683 848 4732 “vel''
863 4698 894 4733 or
909 4684 1010 4734 ‘'et''?

449 4780 459 4803 ²
477 4776 536 4825 The
549 4776 636 4826 Rural
650 4776 738 4826 Dean.
