3392 5650
636 706 729 765 Acrs
753 719 798 766 or
822 702 1001 769 Cunerum
1310 720 1372 789 145

353 883 452 958 Item,
475 882 621 966 quilibet
642 880 809 965 fugitiuus
830 884 865 946 in
887 883 998 966 prima
1019 883 1225 949 admissione
1246 906 1308 950 sua
1329 886 1373 949 ad
1412 883 1487 931 Oatn
1501 882 1530 930 0f
1544 896 1561 929 ἃ

262 988 459 1051 libertatem
478 987 520 1050 de
539 985 755 1051 obseruando
773 987 929 1069 predicta
947 988 1169 1071 corporaliter
1187 990 1286 1054 iuret.
1412 952 1564 1065 saffigany

351 1141 451 1215 Item,
486 1138 580 1224 quod
613 1138 772 1221 Capitula
799 1139 1035 1205 ordinacionis
1069 1142 1159 1206 lacte
1193 1162 1253 1225 per
1285 1143 1373 1206 bone
1404 1121 1569 1249 Οξῐξξξξζῇξὲ

262 1244 425 1308 memorie
441 1244 479 1309 T.
498 1250 532 1307 et
549 1243 601 1307 W.
621 1242 753 1325 dudum
770 1243 1052 1328 Archiepiscopos
1070 1247 1172 1311 Ebor.
1192 1246 1373 1330 tangencia
1394 1256 1533 1304 ministers
1548 1258 1579 1302 to

262 1348 436 1412 ministros
464 1346 601 1411 ecclesie
631 1346 699 1430 (pp.
724 1345 814 1429 6-9),
840 1348 995 1431 quolibet
1023 1370 1138 1413 mense
1162 1350 1196 1414 in
1222 1348 1373 1433 capitulo
1399 1323 1578 1453 ffi‘ssssssit

261 1451 376 1528 semel,
401 1452 561 1516 omnibus
574 1451 749 1546 ¹ministris
768 1452 994 1533 presentibus
1019 1453 1181 1540 distincte
1204 1454 1372 1534 legantur,
1404 1457 1490 1504 house
1501 1469 1568 1503 once

261 1562 297 1619 et
313 1563 434 1620 contra
452 1555 690 1639 delinquentes
709 1555 770 1619 liat
790 1557 966 1639 exequci0.
1418 1538 1434 1571 a
1449 1522 1556 1570 mouth.

351 1711 450 1784 Item,
476 1709 582 1794 ¹quod
618 1707 731 1772 nullus
767 1708 916 1772 vicarius
952 1709 1008 1774 vel
1044 1710 1201 1774 minister
1236 1710 1374 1774 ecclesie
1388 1723 1430 1770 nu
1446 1722 1586 1771 oblatione

221 1870 223 1875 .
262 1813 413 1898 aliquam
439 1813 620 1897 pecuniam
645 1812 688 1875 de
713 1813 949 1877 oblacionibus
974 1814 1139 1878 faciendis
1165 1814 1229 1879 sibi
1255 1820 1373 1879 aucto·
1387 1790 1586 1904 {gffiefflssd

263 1919 366 1983 ritate
408 1918 546 2002 propria
588 1922 713 1991 sumat,
757 1924 809 1981 set
853 1917 994 1982 clericus
1036 1939 1118 1983 suus
1161 1918 1373 1983 oblacionem
1396 1923 1509 1978 berlain.
1525 1922 1588 1969 who

264 2022 270 2032 .
609 2021 614 2032 .
874 2023 879 2033 .
1196 2024 1202 2033 .
1267 2024 1273 2034 .
1404 1990 1456 2037 will
1472 1988 1571 2037 relund
1598 1993 1599 1996 ’

263 2027 431 2104 mtegram
453 2042 640 2085 camerario
661 2027 779 2085 nostro
801 2028 973 2098 rest1tuat,
998 2029 1032 2085 et
1054 2023 1148 2107 quod
1170 2044 1298 2087 vrcarro
1319 2023 1374 2087 vel
1394 2057 1470 2105 what
1488 2056 1510 2103 is
1524 2056 1586 2105 due,

262 2126 383 2189 clerico
402 2146 444 2190 ex
463 2125 711 2190 consuetudine
731 2125 877 2190 debetur
895 2128 1101 2191 camerarius
1121 2127 1293 2200 retundat,
1314 2128 1373 2211 qui

261 2230 502 2294 contrafecerit
524 2230 661 2311 (blank).

351 2386 451 2460 Item,
469 2390 643 2448 statutum
659 2390 694 2447 et
710 2384 909 2448 ordinatum
926 2391 977 2448 est
994 2385 1088 2468 quod
1104 2385 1189 2449 fines
1206 2392 1375 2450 terrarum
1424 2392 1505 2440 Fines
1524 2392 1553 2441 of

262 2497 296 2555 et
323 2495 598 2554 tenementorum
623 2509 690 2572 que
716 2494 797 2553 sunt
823 2489 865 2552 de
891 2494 1013 2553 tenura
1038 2490 1249 2574 singulorum
1274 2512 1375 2554 cano·
1405 2458 1571 2574 quqsioeffe,

263 2595 417 2659 nieorum
443 2594 580 2657 ecclesie
605 2599 721 2657 nostre
746 2614 814 2657 non
841 2593 927 2657 fiant
953 2614 1013 2676 per
1038 2594 1296 2670 seneschallum,
1323 2601 1374 2657 set
1388 2593 1477 2641 levied
1492 2593 1588 2655 hythe

264 2719 324 2782 per
347 2699 460 2781 ipsum
484 2697 694 2761 Canonicum
719 2697 763 2760 ad
786 2717 890 2781 quem
914 2698 1074 2780 pertinet,
1099 2698 1153 2761 vel
1178 2719 1238 2781 per
1260 2698 1374 2763 locum
1410 2659 1564 2787 ὃξὲξῗξᾶὲ

265 2825 365 2868 suum
385 2807 560 2867 tenentem
578 2801 623 2866 ad
642 2801 706 2865 hoc
724 2801 916 2884 specialiter
934 2801 1152 2884 deputatum.
1435 2793 1538 2841 Canon.

352 2959 452 3033 Item,
494 2957 692 3022 ordinatum
732 2963 767 3021 et
807 2963 982 3022 statutum
1022 2965 1084 3034 est,
1125 2959 1219 3042 quod
1260 2959 1373 3024 nullus
1411 2959 1480 3005 ΝΟΜ
1495 2958 1564 3022 quod

263 3063 472 3126 admittatur
493 3061 527 3125 in
551 3061 760 3126 Canonicum
783 3068 817 3125 et
840 3062 875 3125 in
898 3062 1040 3126 fratrem
1062 3063 1126 3126 nisi
1148 3064 1373 3146 personaliter
1397 3029 1578 3139 gomussffi„

262 3168 317 3232 vel
346 3187 406 3250 per
434 3171 691 3250 procuratorem
719 3186 798 3230 cum
827 3166 1005 3242 mandat0,
1036 3167 1108 3230 siue
1136 3168 1371 3250 procuratorio
1420 3172 1574 3272 remagerel-

262 3271 443 3336 sufficienti
474 3270 624 3355 legitime
654 3270 896 3346 constitutum,
928 3276 1139 3354 potestatem
1170 3271 1305 3336 iurandi
1335 3273 1370 3337 in
1395 3228 1560 3340 perqqlugpr

262 3377 413 3441 animam
426 3376 555 3440 domini
567 3375 619 3439 sui
631 3375 673 3439 de
685 3375 901 3439 obseruando
913 3381 1049 3439 statuta
1061 3382 1095 3439 et
1107 3377 1371 3441 consuetudines
1426 3357 1544 3408 omnino.
1596 3417 1598 3420 >

262 3481 398 3544 ecclesie
422 3481 618 3555 habentem,
644 3480 825 3564 ipsumque
848 3480 1122 3563 procuratorium
1146 3500 1249 3564 penes
1272 3479 1370 3563 Capi·

262 3585 373 3649 tulum
398 3591 432 3648 et
456 3585 528 3648 eius
551 3590 630 3648 acta
653 3584 793 3648 omnino
816 3584 983 3648 dimittat.
1031 3584 1192 3668 Alioquin
1216 3604 1278 3667 pro
1302 3604 1370 3648 non

264 3690 413 3754 admisso
431 3690 611 3753 habeatur.

349 3843 408 3906 Ac.
432 3842 540 3907 eciam
558 3862 690 3929 omnes
723 3841 932 3924 infrascripti
965 3841 1093 3917 vicarii,
1129 3841 1162 3905 in
1196 3843 1370 3925 presencia
1419 3842 1521 3952 31408.

262 3947 345 4011 dicti
370 3946 519 4030 Capituli
542 3952 576 4010 et
601 3946 777 4010 reuerendi
800 3946 865 4010 viri
889 3946 1043 4030 Magistri
1066 3945 1167 4009 Alani
1191 3945 1367 4022 Newarke,
1400 3911 1566 4033 Theepihhlrs

261 4052 353 4116 curie
383 4053 485 4116 Ebor.
518 4049 690 4125 aduocati,
721 4049 945 4132 personaliter
974 4049 1180 4134 congregati,
1211 4049 1281 4132 xvij
1315 4050 1369 4114 die
1406 4066 1486 4114 agree
1500 4052 1564 4100 that

261 4156 386 4220 mensis
408 4155 619 4240 Septembris
639 4154 740 4218 Anno
762 4153 901 4216 Domini
922 4166 1067 4216 m0ecec0
1090 4159 1224 4228 octauo,
1247 4158 1370 4236 sponte
1383 4116 1583 4249 pgffilssffllth

262 4266 296 4324 et
326 4261 398 4323 sine
428 4259 544 4344 aliqua
573 4256 806 4341 compulsione
836 4260 1035 4320 statuerunt
1066 4261 1100 4320 et
1130 4263 1370 4322 concesserunt
1439 4252 1530 4300 ottho
1561 4317 1572 4365 f

261 4363 416 4428 vnanimi
437 4383 576 4427 assensu
597 4365 632 4424 et
652 4380 819 4424 consensu
835 4380 898 4443 pro
920 4380 954 4424 se
968 4366 1001 4449 et
1025 4361 1273 4424 suecessoribus
1289 4360 1369 4435 suis,
1397 4332 1574 4434 iigssnffgis‘}

262 4468 356 4552 quod
380 4466 524 4552 quilibet
549 4465 697 4531 vicarius
721 4485 742 4528 a
766 4464 877 4548 primo
902 4464 956 4528 die
980 4485 1040 4529 sue
1064 4465 1312 4529 commissionis
1337 4465 1371 4528 in

263 4573 428 4637 vicariam
447 4592 546 4636 suam
569 4591 678 4655 vsque
698 4569 742 4635 ad
762 4569 924 4634 ultimum
945 4569 1035 4633 diem
1055 4589 1114 4633 sue
1134 4569 1374 4654 resignacionis

264 4678 337 4741 siue
364 4676 496 4751 mortis,
524 4682 659 4740 sextam
686 4679 821 4758 partem
848 4674 1002 4738 omnium
1029 4693 1256 4757 expensarum
1283 4673 1374 4736 dicte

264 4782 382 4845 domui
420 4801 479 4845 sue
517 4801 596 4844 eum
634 4779 854 4864 pertinenciis
892 4778 1040 4842 libenter
1077 4784 1111 4842 et
1149 4778 1221 4841 sine
1259 4775 1375 4861 aliqua

449 4889 487 4935 10
