3392 5650
331 692 391 758 172
613 676 692 741 Tne
718 676 875 742 luanus
899 677 1146 742 Manuscnn’r.

328 862 482 920 vestrum
503 856 703 940 congruenti
725 857 914 922 secundum
935 856 1016 932 vim,
1040 857 1197 933 formam,
1219 863 1254 921 et
1275 857 1443 923 ellectum

327 960 556 1025 ordinacionis
581 962 789 1026 auctoritate
813 960 986 1026 ordinaria
1011 961 1160 1046 legitime
1184 961 1263 1027 inde
1287 961 1380 1028 facte
1405 968 1443 1027 et

328 1065 555 1150 promulgate,
596 1073 747 1130 vestram
786 1066 998 1150 personalem
1038 1066 1248 1150 presenciam
1286 1066 1322 1131 in
1360 1086 1441 1151 pro-

326 1169 536 1234 cessionibus
559 1177 592 1234 et
617 1171 728 1234 missis
751 1171 946 1235 huiusmodi
970 1170 1163 1235 exhibendo
1186 1177 1221 1235 et
1244 1170 1441 1255 incipiendo

327 1274 361 1337 in
379 1273 433 1337 die
451 1275 634 1339 Dominica
651 1273 810 1339 videlicet
828 1275 862 1339 in
880 1275 968 1339 festo
986 1274 1051 1340 S’ci
1068 1275 1199 1339 Thome
1216 1274 1321 1359 app'li
1338 1295 1437 1359 prox.

327 1378 457 1454 futuru,
483 1380 547 1443 sub
572 1400 660 1463 pena
684 1380 917 1462 suspencionis
942 1401 962 1443 a
986 1378 1216 1444 celebracione
1240 1379 1439 1445 diuinorum

326 1502 432 1567 quam
452 1483 487 1548 in
507 1504 669 1567 personas
689 1490 821 1547 vestras
842 1490 875 1547 et
897 1490 1090 1548 vestrarum
1110 1483 1260 1568 singulas
1279 1483 1381 1568 culpa
1402 1490 1439 1549 et

327 1586 561 1652 inobediencia
585 1595 700 1652 vestra
724 1587 986 1671 precedentibus
1010 1588 1220 1653 intendimus
1243 1588 1438 1664 fulminare,

326 1698 429 1775 prout
453 1692 587 1756 dictant
611 1692 761 1777 legitime
784 1698 819 1757 et
842 1692 1005 1758 canonice
1028 1692 1298 1758 sanctiosiones.¹
1345 1692 1439 1759 Acta

326 1801 361 1859 et
385 1796 478 1860 facta
502 1804 574 1861 erat
600 1797 661 1861 hec
685 1797 832 1861 monicio
856 1797 890 1862 in
914 1797 1017 1861 domo
1041 1796 1223 1881 capitulari
1250 1796 1374 1881 Ripon’
1401 1797 1438 1863 in

326 1899 381 1964 die
415 1900 513 1983 Jouis
547 1921 643 1984 prox.
679 1907 757 1985 post
792 1901 920 1966 festum
953 1901 1196 1985 Concepcionis
1229 1902 1281 1966 be.
1318 1901 1437 1979 Marie,

326 2005 427 2069 Anno
445 2005 526 2070 D'ni
544 2005 685 2069 Mill’mo
702 2015 816 2069 ccccm⁰
834 2005 977 2081 decimo,
995 2006 1211 2089 presentibus
1227 2005 1316 2071 d'nis
1334 2006 1439 2089 Joh'e

326 2109 368 2173 de
388 2110 494 2186 Dene,
515 2109 697 2186 canonice,
719 2110 820 2193 Joh’e
841 2109 988 2186 Rednes,
1010 2116 1045 2175 et
1065 2110 1151 2195 alijs

329 2326 416 2408 (255)
456 2325 567 2390 Copia
603 2341 830 2389 restituenti
870 2326 946 2390 n’nr
986 2326 1156 2390 Hueonrs
1193 2325 1436 2405 Corxucnnu,

370 2446 554 2495 canonici.

415 2598 455 2662 In
479 2598 543 2661 Dei
565 2599 713 2675 nomine,
738 2599 859 2663 Amen.
907 2598 971 2662 Die
995 2598 1100 2674 Lune,
1124 2598 1357 2663 sextodecimo
1380 2599 1437 2665 die

326 2702 515 2785 Februarii,
533 2703 634 2767 Anno
654 2702 735 2766 D'ni
757 2702 899 2767 Mill’mo
919 2712 1034 2767 ccccmo
1053 2723 1155 2779 nonu,
1173 2709 1208 2767 et
1228 2724 1319 2768 anno
1339 2705 1436 2790 regni

325 2806 410 2893 regis
436 2808 576 2872 Henrici
601 2808 716 2893 quarti
741 2814 820 2892 post
844 2812 1072 2893 conquestum
1096 2807 1216 2893 Anglie
1240 2806 1434 2888 undecima,

325 2913 399 2998 Ego
429 2914 532 2998 Hugo
561 2913 789 2998 Cotyngham,
820 2912 972 2989 clericus
1003 2912 1194 2978 Canonicus
1223 2913 1301 2978 eccl.
1333 2913 1432 2981 Cath.

324 3017 390 3082 S’ci
414 3017 512 3082 Pauli
534 3017 688 3105 London.
714 3017 748 3081 in
771 3018 863 3082 bona
885 3038 962 3081 mea
984 3017 1148 3081 memoria
1170 3017 1330 3094 existens
1354 3018 1435 3084 licet

324 3142 401 3207 eger
427 3121 588 3206 corporis,
617 3122 773 3207 cogitans
800 3121 842 3186 de
871 3122 1032 3186 extremis
1059 3122 1153 3196 meiS,
1182 3122 1303 3198 cond0,
1332 3122 1432 3200 iaci0,

324 3231 358 3289 et
382 3225 502 3290 ordino
525 3246 663 3309 presens
687 3231 937 3290 testamentum
960 3246 1075 3289 meum
1098 3225 1220 3291 vltime
1242 3226 1434 3292 voluntatis

324 3350 397 3393 mee
430 3330 464 3393 in
497 3330 588 3394 hunc
620 3330 771 3395 modum.
821 3330 862 3394 ln
893 3331 1023 3414 primis,
1056 3330 1131 3415 lego
1163 3336 1197 3394 et
1229 3331 1434 3398 commendo

324 3433 475 3498 animam
498 3455 611 3498 meam
634 3435 708 3498 Deo
731 3435 962 3518 omnipotenti
985 3435 1129 3499 creatori
1152 3455 1238 3510 meu,
1263 3436 1433 3521 beateque
1489 3496 1496 3502 .

324 3538 429 3602 Marie
453 3538 583 3623 Virgini
608 3544 642 3603 et
667 3539 826 3603 omnibus
851 3539 979 3604 sanctis
1003 3539 1084 3615 eiuS,
1111 3544 1145 3602 et
1170 3560 1292 3624 corpus
1316 3560 1433 3606 meum

322 3642 366 3706 ad
386 3641 618 3725 sepeliendum
638 3642 727 3706 infra
748 3643 874 3707 limites
898 3643 1035 3707 ecclesie
1060 3643 1126 3707 S’ci
1149 3643 1247 3707 Pauli
1267 3644 1431 3727 predicte,

321 3747 380 3810 vbi
394 3746 561 3830 placuerit
575 3747 705 3811 decano
719 3753 754 3810 et
768 3747 921 3831 capitulo
935 3747 1087 3811 eiusdem
1101 3747 1238 3811 ecclesie
1252 3747 1432 3832 disponere

320 3857 355 3914 et
378 3851 545 3915 ordinare.
595 3851 684 3915 ltem
707 3850 782 3936 lego
805 3851 933 3915 eisdem
957 3851 1028 3916 dec.
1054 3857 1089 3915 et
1112 3851 1193 3935 Cap.
1219 3852 1263 3916 ad
1286 3873 1373 3936 opus
1395 3859 1432 3918 et

320 3976 421 4019 vsum
454 3955 533 4019 eccl.
568 3955 731 4039 predicte,
766 3955 818 4019 Cs
868 3956 912 4020 lt’
947 3956 1021 4040 lego
1054 3956 1133 4020 eccl.
1167 3956 1355 4039 parochiali
1388 3957 1432 4023 de

320 4061 482 4135 Causton,
503 4060 565 4124 xls
622 4059 666 4123 It’
687 4059 762 4144 lego
783 4059 928 4124 lsabelle
947 4060 1053 4124 sorori
1073 4080 1157 4135 mee,
1178 4060 1240 4124 xls
1290 4061 1334 4125 It'
1355 4061 1431 4146 lego

320 4165 413 4248 Joh’i
434 4164 542 4247 Julyfi
561 4170 596 4228 et
615 4164 722 4227 Alicie
741 4164 840 4228 vxori
861 4165 943 4239 eius,
964 4164 1026 4228 xls.
1075 4164 1119 4228 It’
1140 4164 1215 4249 lego
1235 4165 1316 4229 d’no
1335 4165 1430 4248 Joh'i

320 4270 442 4343 Stowe,
460 4268 647 4352 capellan0,
665 4268 948 4352 superpelliceum
967 4289 1092 4332 meum.
1141 4268 1331 4333 Residuum
1347 4290 1430 4335 vero

319 4373 473 4438 omnium
495 4378 529 4436 et
551 4372 762 4457 singulorum
784 4373 954 4437 bonorum
975 4392 1140 4448 meorum,
1163 4372 1369 4450 debitorum,
1393 4380 1428 4439 et

318 4477 522 4543 catallorum
551 4497 858 4561 quorumcumque,
889 4477 1107 4562 ubicumque,
1138 4483 1172 4541 et
1202 4478 1236 4541 in
1265 4499 1428 4562 quorum-

318 4603 465 4667 cumque
496 4582 655 4647 manibus
686 4582 912 4646 existencium
943 4588 1022 4665 post
1049 4581 1168 4646 debita
1198 4602 1275 4647 mea
1301 4582 1425 4660 soluta,

390 4778 398 4802 ¹
417 4774 454 4824 So
466 4773 495 4822 in
507 4774 564 4823 MS.
578 4772 622 4824 lor
637 4778 652 4800 ¹*
663 4773 849 4826 sanctiones.”
