3392 5650
613 720 710 783 Acts
734 739 781 784 or
805 719 995 785 Cunnum.
1315 733 1356 798 35

252 898 359 961 Elene
396 897 494 959 vxori
532 896 643 980 Joh’is
677 896 720 960 de
761 897 913 979 Dreng‚l
960 895 1020 979 [Et
1059 908 1136 978 post
1174 895 1353 959 decessum

248 996 436 1060 eorundem
469 996 514 1060 do
541 987 574 1059 et
605 996 686 1078 lego
717 995 845 1059 fabrice
876 996 1020 1059 ecclesie
1055 995 1207 1079 Rypon’.
1268 996 1354 1058 Item

248 1096 375 1160 fabrice
400 1097 516 1178 pontis
544 1095 586 1159 de
616 1095 753 1178 Hewyk
782 1093 834 1177 ijs.
896 1095 982 1158 Item
1012 1094 1139 1158 fabrice
1169 1094 1284 1177 pontis
1312 1093 1354 1157 de

251 1195 445 1278 Bishopton
472 1193 524 1278 ijs.
591 1195 676 1257 Item
702 1193 814 1257 Alicie
838 1194 935 1257 vxori
959 1194 1069 1278 J0h'is
1086 1234 1128 1241 —
1153 1195 1238 1258 Item
1262 1192 1353 1277 Joh’i

248 1293 368 1358 Schot’
400 1294 442 1358 de
483 1293 620 1377 Hewyk
643 1315 714 1357 -s.
777 1294 862 1357 Item
890 1296 971 1376 lego
997 1294 1087 1378 J0h’i
1116 1293 1189 1357 filio
1217 1293 1353 1357 Thome

248 1393 367 1459 Carter
390 1393 456 1477 iijs.
508 1394 593 1457 Item
622 1432 722 1440 —-
750 1393 862 1457 Alicie
890 1393 988 1457 vxori
1016 1414 1078 1457 sue
1105 1392 1196 1477 xiijs.
1224 1391 1352 1477 iiijd.]1

246 1507 279 1557 et
307 1494 416 1558 Elene
441 1493 539 1557 vxori
564 1513 626 1556 sue
650 1491 741 1575 xiijs.
770 1491 854 1576 iiijd.
883 1513 945 1575 pro
965 1492 978 1576 j
1003 1494 1148 1557 arcade
1173 1492 1348 1556 Flandria.

249 1594 333 1658 Item
353 1596 433 1677 lego
450 1616 471 1654 v
496 1594 602 1657 lectos
625 1591 888 1656 distribuendos
913 1593 1124 1675 pauperibus
1149 1613 1211 1675 pro
1234 1593 1352 1656 anima

248 1715 334 1757 mea.
400 1694 485 1757 Item
520 1694 600 1776 lego
638 1691 766 1755 fabrIce
799 1692 1005 1776 Esgatbryg
1036 1692 1088 1776 ijs.
1155 1692 1350 1757 Residuum

247 1813 329 1856 vero
356 1795 528 1857 bonorum
559 1812 714 1855 meorum
743 1791 1022 1873 supradictorum
1054 1813 1122 1855 non
1156 1794 1350 1876 legatorum

246 1893 292 1956 do
308 1904 341 1956 et
357 1893 437 1976 lego
453 1891 544 1975 Joh'i
563 1891 678 1955 Grene
695 1902 728 1953 et
745 1890 857 1954 Alicie
874 1890 944 1954 filie
969 1912 1043 1955 mee
1068 1904 1104 1954 vt
1126 1913 1203 1955 cum
1230 1892 1351 1956 eodem

247 1992 385 2055 residuo
408 1991 537 2054 faciant
558 1990 680 2053 diuina
696 1990 860 2053 celebrari
885 2010 947 2072 pro
970 1991 1088 2054 anima
1111 2004 1144 2055 et
1167 1991 1352 2056 animabus

246 2093 403 2156 omnium
433 2091 587 2154 fidelium
616 2088 884 2165 defunctorum;
916 2101 947 2153 et
979 2090 1022 2153 ad
1050 2090 1169 2153 omnia
1201 2090 1353 2173 predicta

246 2192 362 2274 legata
385 2190 531 2254 fideliter
554 2188 723 2264 facienda,
745 2188 917 2270 predictos
933 2188 1129 2272 Jobannem
1153 2203 1186 2254 et
1202 2190 1350 2254 Aliciam

246 2290 335 2354 facio
369 2302 401 2353 et
432 2289 607 2353 constituo
638 2300 839 2352 executores
872 2309 977 2379 meos(
999 2302 1035 2352 vt
1067 2290 1131 2372 ipsi
1164 2290 1353 2372 disponant

203 2467 207 2474 .
247 2412 310 2474 pro
340 2390 458 2453 anIma
491 2410 567 2453 mea
599 2409 661 2471 pro
689 2401 724 2451 vt
756 2388 880 2452 melius
913 2389 1061 2453 viderint
1084 2390 1257 2473 expedite.
1311 2390 1351 2452 In

247 2490 346 2555 cuius
371 2489 418 2553 rei
442 2489 680 2553 testimonium
705 2489 785 2552 huic
803 2490 953 2571 presenti
971 2501 1177 2553 testamento
1194 2490 1351 2573 sigillum

249 2611 363 2654 meum
403 2589 563 2672 apposui.
641 2589 720 2651 Dat.
762 2589 855 2670 apud
901 2588 1053 2673 Rypon',
1095 2589 1150 2652 die
1189 2603 1222 2652 et
1258 2610 1353 2652 anno

248 2689 467 2772 supradictis.

250 2867 287 2931 14
301 2872 332 2915 v.
468 2853 538 2933 (38)
564 2852 622 2914 Du
646 2849 818 2914 Cunnum
844 2869 892 2913 nn
916 2851 1121 2916 crurum)

336 2988 513 3052 Omnibus
551 2991 610 3072 xpi
645 2984 807 3050 fidelibus
845 2988 888 3050 ad
928 3008 1017 3070 quos
1050 3001 1226 3070 presentes
1257 2989 1353 3052 litere
1371 2996 1525 3060 ¹35¹·Sep1·
1540 3011 1568 3059 ¹9

249 3088 424 3152 indentate
439 3091 669 3172 peruenerint,
687 3089 886 3173 Capitulum
902 3092 982 3155 eccl.
997 3091 1180 3174 collegiate
1196 3092 1349 3176 Rypon’,

248 3189 395 3252 salutem
414 3188 448 3250 in
466 3188 558 3252 D’no
571 3191 830 3272 sempiternam.
870 3190 1046 3255 Noueritis
1061 3213 1124 3255 nos
1138 3193 1352 3256 concessisse

245 3287 334 3371 Joh’i
349 3288 391 3352 de
404 3287 558 3352 Cluther’
572 3288 654 3354 d'no
667 3291 709 3354 de
722 3293 855 3368 eadem,
872 3304 905 3354 et
922 3291 1107 3357 heredibus
1123 3293 1207 3370 suis,
1225 3293 1352 3357 habere

245 3388 433 3469 quamdam
458 3389 646 3452 cantariam
673 3391 761 3454 infra
788 3391 957 3474 capellam
987 3413 1086 3455 suam
1115 3393 1157 3456 de
1182 3391 1348 3471 Cluther’‚

243 3500 276 3550 et
318 3509 425 3550 vnum
471 3489 690 3571 capellanum
738 3491 946 3555 seruientem
995 3492 1134 3569 ibidem,
1176 3493 1276 3556 saluo
1316 3493 1349 3556 in

243 3587 408 3650 omnibus
422 3587 494 3651 iure
508 3587 596 3652 dicte
609 3592 753 3655 ecclesie
768 3604 884 3655 nostre
897 3593 963 3655 sub
977 3592 1041 3656 hac
1054 3591 1175 3669 forma,
1191 3593 1351 3656 videlicet

242 3687 335 3769 quod
355 3687 528 3769 predictus
544 3687 662 3772 Iob'es
678 3705 711 3754 et
728 3691 872 3755 heredes
896 3692 949 3755 sui
976 3694 1225 3774 presentabunt
1250 3692 1350 3756 nobis

242 3787 371 3851 dictum
389 3788 610 3870 capellanum
628 3803 817 3872 antequam
837 3791 871 3852 in
892 3791 983 3854 dicta
1007 3792 1140 3873 capella
1166 3792 1346 3856 ministret.

241 3886 376 3971 Jurabit
400 3887 508 3951 eciam
536 3889 625 3952 idem
651 3892 854 3974 capellanus
878 3892 919 3954 de
946 3890 1176 3973 Idempnitate
1200 3892 1351 3955 oblacio-

245 4008 327 4049 num
346 4001 379 4051 et
395 3988 555 4052 omnium
575 3989 822 4054 beneficiorum
840 4011 908 4072 que
924 3990 1117 4072 antiquitus
1134 4005 1167 4054 et
1190 3991 1232 4054 de
1257 4012 1350 4055 nouo

243 4087 285 4150 ad
311 4087 491 4150 ecclesiam
519 4101 672 4152 nostram
699 4090 886 4173 predictam
914 4090 1083 4173 pertinere
1107 4090 1346 4166 dinoscuntur,

242 4198 276 4250 et
298 4187 392 4269 quod
417 4187 529 4251 dictus
553 4189 755 4270 capellanus
779 4188 892 4253 fidelis
920 4202 952 4253 et
980 4189 1146 4253 obediens
1174 4189 1237 4253 erit
1264 4191 1345 4253 eccl.

243 4300 359 4351 nostre
378 4288 528 4370 predicte
544 4300 577 4351 et
593 4287 756 4371 Capitulo
780 4302 813 4353 et
830 4289 1010 4353 Canonico
1033 4302 1066 4353 et
1089 4289 1350 4353 successoribus

243 4387 317 4450 suis
333 4387 376 4451 ad
394 4388 493 4452 cuius
515 4388 725 4470 prebendam
752 4389 917 4472 parocbia
942 4389 1001 4452 illa
1026 4389 1182 4471 pertinet,
1204 4410 1266 4453 nec
1290 4410 1350 4453 eos

244 4487 278 4550 in
296 4487 416 4570 aliquo
433 4487 527 4569 quod
544 4500 676 4570 spectet
691 4489 733 4552 ad
752 4489 806 4553 ius
828 4490 980 4554 matricis
1003 4489 1147 4553 ecclesie
1170 4488 1351 4552 defrauda-

246 4587 306 4651 bit.
363 4587 544 4652 Predictus
569 4609 650 4652 vero
673 4588 790 4673 Joh’es
813 4602 846 4653 et
871 4590 1014 4654 heredes
1037 4589 1091 4653 sui
1116 4610 1193 4653 cum
1219 4587 1351 4652 familia
1405 4578 1410 4586 ⁵

314 4742 320 4764 ¹
341 4737 369 4785 In
382 4754 399 4786 a
412 4738 537 4787 different
550 4740 622 4788 hand
635 4747 663 4787 at
676 4740 722 4789 the
735 4739 789 4788 sont
805 4739 836 4788 of
850 4740 897 4788 the
909 4755 991 4804 page,
1006 4739 1069 4788 with
1084 4738 1093 4803 II
1108 4739 1150 4787 for
1164 4756 1181 4790 a
1200 4739 1351 4791 reference-

248 4816 335 4865 mark.
