3392 5650
574 692 668 757 Acrs
692 709 737 756 or
760 692 939 759 Cameren.
1249 709 1311 776 177

204 870 378 954 Capellani
397 871 559 946 eiusdem,
581 877 615 934 et
638 871 682 935 ad
704 892 817 936 meam
838 872 1064 936 donacionem
1083 878 1309 957 spectantem,

201 982 361 1059 presento
402 976 500 1039 vobis
544 975 729 1059 Symonem
772 976 814 1040 de
858 976 1031 1051 Stokdale,
1076 976 1308 1060 Capellanum,

200 1079 375 1144 humiliter
387 1101 449 1144 vos
463 1101 586 1164 rogans
599 1087 770 1164 quatenus
784 1080 917 1144 dictum
931 1081 1117 1163 Symonem
1130 1082 1310 1145 instituere

201 1184 314 1247 velitis
346 1185 380 1247 in
413 1184 533 1248 eadem
565 1191 600 1249 et
632 1185 735 1248 ceteri
767 1205 922 1248 exercere
953 1206 1020 1268 que
1053 1185 1163 1249 officio
1195 1192 1310 1249 vestro

202 1289 407 1352 incumbunt
436 1288 471 1352 in
500 1290 700 1371 hac-parte.
749 1289 789 1353 ln
818 1310 845 1353 c.
877 1310 902 1353 r.
933 1294 958 1353 t.
988 1290 1048 1374 sig.
1078 1309 1123 1353 m.
1154 1290 1309 1372 apposui.

205 1393 286 1457 Dat.
312 1392 405 1475 apud
430 1393 555 1476 Ripon'
580 1414 671 1457 nono
695 1392 749 1456 die
773 1393 942 1476 Januarij,
967 1393 1068 1457 Anno
1092 1394 1185 1479 regni
1210 1394 1311 1479 Regis

206 1497 292 1560 Ric'i
311 1497 451 1561 secundi
470 1497 809 1561 vicesimosecundo.

413 1676 500 1760 (265)
530 1676 735 1759 (Certificate
751 1677 787 1740 ot
804 1676 1014 1758 Induction).

289 1816 458 1880 Nouerint
478 1817 627 1880 vniuersi
647 1836 706 1899 per
725 1822 900 1899 presentes
919 1817 1013 1901 quod
1032 1837 1094 1880 nos
1113 1817 1311 1900 Capitulum

204 1921 282 1985 eccl.
310 1920 391 1985 Coll.
420 1921 545 2004 Ripon’
572 1921 674 1985 Ebor.
702 1921 788 1984 dioc.
816 1920 861 1984 ad
886 1920 1084 1985 Cantariam
1109 1928 1312 2005 perpetuam
1402 1906 1427 1939 ¹¹·
1480 1928 1485 1939 '

203 2026 255 2089 be.
272 2025 377 2089 Marie
391 2026 538 2110 Virginis
552 2025 594 2088 de
610 2024 735 2108 Ripon'
750 2026 784 2088 in
800 2025 1078 2110 Staynbryggate
1092 2046 1153 2109 per
1165 2033 1313 2090 mortem

205 2129 276 2193 d'ni
294 2129 405 2212 Joh'is
422 2129 464 2193 de
483 2129 648 2214 Kabargh
665 2129 777 2192 vltimi
795 2128 968 2212 Capellani
986 2130 1138 2194 eiusdem
1155 2130 1314 2194 Cantarie

205 2239 400 2309 vacantem,
429 2255 497 2318 que
524 2239 576 2297 est
604 2233 646 2297 de
674 2239 863 2317 patronatu
892 2233 1002 2316 Joh'is
1030 2234 1072 2298 de
1101 2234 1245 2319 lngelby
1272 2235 1315 2298 de

207 2338 356 2421 Ryplay,
387 2338 482 2402 d’nm
512 2338 697 2421 Symonem
727 2337 769 2401 de
799 2337 974 2413 Stokdale,
1006 2338 1239 2422 Capellanum,
1270 2340 1314 2403 ad

206 2443 350 2506 eandem
373 2442 571 2507 Cantariam
594 2442 743 2527 legitime
766 2447 1014 2525 presentatum,
1039 2442 1251 2519 admisimus,
1275 2465 1315 2508 ac

204 2548 317 2630 ipsum
349 2547 571 2631 Capellanum
603 2552 808 2630 perpetuum
840 2546 1054 2611 instituimus
1086 2548 1247 2611 canonice
1279 2549 1314 2611 in

204 2651 323 2714 eadem
347 2652 381 2714 in
405 2651 516 2715 forma
539 2650 767 2714 ordinacionis
790 2650 942 2714 eiusdem
966 2650 1125 2714 Cantarie
1149 2651 1249 2729 facte,
1275 2674 1314 2717 ac

204 2755 351 2818 eundem
367 2755 463 2819 d’nm
480 2755 665 2839 Symonem
681 2756 716 2820 in
732 2756 943 2839 corporalem
959 2754 1208 2840 possessionum
1224 2757 1315 2822 dicte

174 2942 177 2946 ι
206 2860 365 2924 Canterie
385 2880 464 2924 cum
485 2861 554 2924 suis
575 2860 705 2924 iuribus
726 2866 761 2924 et
782 2861 905 2944 pertin.
919 2859 1096 2928 uniuersis
1117 2863 1315 2927 induximus

206 2965 241 3028 in
263 2953 393 3028 eadem.
442 2964 483 3029 In
505 2985 533 3028 c.
557 2984 582 3028 r.
607 2970 631 3028 t.
655 2949 884 3052 sig.ffn(pres.
909 2974 960 3032 est
983 2988 1183 3051 appensum.
1232 2967 1313 3030 Dat.

206 3070 241 3133 in
257 3068 311 3133 do,
327 3090 359 3133 n.
375 3089 449 3152 cap.
464 3068 542 3152 xvj⁰
554 3068 608 3132 die
623 3055 749 3139 mensis
764 3072 935 3156 Januarij,
950 3071 1051 3136 Anno
1067 3071 1147 3135 D'ni
1163 3070 1317 3134 Mill’imo

211 3183 306 3237 ccc”¹⁰
325 3173 356 3236 N
359 3173 555 3258 onogesimo
572 3146 710 3281 octauo.

375 3364 377 3368 '
452 3289 808 3449 (zoellnomination
832 3362 870 3420 to
894 3355 1073 3438 Chantry).

230 3524 232 3533 ·
295 3465 556 3572 Venerabilibus
583 3499 665 3562 viris
693 3504 727 3562 et
755 3496 910 3561 discretis
939 3495 1098 3579 Capitulo
1126 3494 1204 3560 eccl.
1235 3493 1315 3558 Coll.

208 3597 241 3661 b.
271 3597 379 3662 Wilir.
411 3586 550 3688 Ripon',
581 3603 684 3666 Ebot.
715 3601 801 3666 dioc.
831 3621 914 3665 suus
942 3600 1079 3664 humilis
1108 3605 1142 3662 et
1171 3599 1318 3663 deuotus
1442 3594 1446 3605 '
1481 3592 1486 3603 '

207 3701 357 3766 ThOmaS
401 3709 443 3773 de
487 3705 727 3792 Markyngfeld
770 3704 986 3770 omnimodas
1030 3703 1240 3767 reuerencias
1283 3707 1317 3766 et

207 3805 384 3877 honoresa
411 3813 466 3876 Ad
503 3811 701 3876 Cantariam
737 3809 866 3874 Altaris
903 3808 957 3873 Sci
994 3807 1129 3871 Andree
1165 3807 1199 3870 in
1237 3805 1315 3871 eccl.

207 3910 288 3975 COH·
321 3910 448 4002 Ripon’
480 3936 540 4000 per
569 3921 716 3979 mortem
746 3913 817 3977 d'ni
847 3912 959 3995 Joh’is
989 3911 1031 3975 de
1061 3911 1174 3994 Clynt‚
1205 3910 1318 3975 vltimi

207 4015 384 4098 Capellani
405 4020 556 4085 eiusdem
577 4024 762 4083 vacantem
776 4023 811 4081 et
828 4017 873 4081 ad
893 4036 1006 4080 meam
1026 4015 1319 4098 presentacionem

207 4124 437 4202 spectantem,
472 4124 636 4188 dilectum
669 4122 772 4208 michi
805 4122 840 4185 in
874 4141 943 4204 xpo
976 4119 1072 4183 d'nm
1105 4119 1249 4202 Joh'em·
1278 4119 1320 4183 de

208 4223 380 4310 Fulrorrn,
421 4229 654 4313 Capellanum,
695 4227 798 4291 Ebor.
839 4225 939 4299 dioc,
979 4229 1095 4287 vestro
1134 4223 1320 4288 reuerendo

207 4327 354 4412 Collegio
397 4339 557 4419 presento
597 4332 727 4396 intuitu
767 4329 932 4404 caritatis
974 4328 1170 4412 supplicans
1210 4328 1320 4393 eidem

207 4431 383 4496 humiliter
408 4445 447 4504 et
474 4439 598 4503 deuote
624 4436 790 4521 quatinus
816 4433 964 4499 eundem
990 4432 1085 4496 d'nm
1112 4432 1249 4515 Joh'em
1276 4432 1321 4497 ad

207 4536 320 4600 d’cam
337 4535 540 4608 cantariam
557 4542 741 4606 admittere
757 4538 893 4615 vellitis,
911 4559 952 4602 ac
968 4537 1081 4621 ipsum
1098 4536 1322 4621 Capelianum

208 4646 414 4724 perpetuum
439 4647 605 4725 canonice
630 4645 808 4710 instituere
833 4645 869 4708 in
894 4643 1014 4707 eadem
1039 4662 1118 4707 cum
1143 4662 1168 4706 s.
1195 4640 1260 4724 jur.
1287 4646 1322 4705 et

210 4751 296 4829 pert.
325 4745 432 4820 vnio„
460 4759 578 4816 cetera
604 4771 671 4835 que
697 4755 812 4813 vestro
839 4749 874 4812 in
901 4748 965 4811 hac
992 4751 1090 4830 parte
1116 4746 1323 4810 incumbunt

392 4879 427 4922 12
