3392 5650
144 2152 265 2201 Chelsea.

316 711 378 776 182
600 716 678 780 'sna
704 716 859 779 Incnssr
883 715 1129 779 Manuscruer.

314 892 523 973 prebendam
550 893 604 973 de)
633 894 748 977 Thorp
775 894 808 957 in
835 895 914 958 eccl.
943 894 1098 977 predicta
1124 899 1288 958 vacantes
1315 900 1349 957 et
1377 892 1422 958 ad

313 995 533 1061 collacionem
562 1004 716 1062 nostram
745 998 846 1081 pleno
875 998 958 1081 Jure
987 1004 1183 1081 spectantes
1212 998 1422 1062 contulimus

314 1120 393 1163 curn
426 1121 543 1165 eorum
579 1102 721 1183 (iuribus
754 1108 788 1165 et
822 1099 1056 1186 pertilnencijs
1090 1102 1258 1167 vniuersis
1291 1102 1422 1166 intuitu

314 1204 479 1280 caritatis,
495 1206 676 1291 ipsumque
690 1206 893 1271 canonicum
908 1213 943 1270 et
958 1206 1221 1290 prebendarium
1236 1206 1422 1271 eorundem

313 1308 495 1373 canonitus
550 1310 620 1393 (sic)
677 1317 711 1374 et
761 1310 933 1394 prebende
986 1311 1198 1376 instituimus
1248 1348 1422 1357 —-—-

314 1412 553 1483 inuestiuimus
574 1414 608 1478 in
630 1421 664 1479 et
686 1415 728 1478 de
749 1415 888 1491 eisdem,
911 1415 1010 1479 vobis
1031 1415 1237 1480 mandamus
1258 1414 1423 1500 quatinus

313 1517 487 1600 prefatum
531 1518 699 1603 Mag'rum
742 1519 879 1601 Joh'em
922 1519 977 1583 vel
1020 1525 1276 1603 procuratorem
1320 1539 1423 1583 suum

314 1659 487 1667 ———
504 1622 538 1685 in
562 1623 686 1686 realem
710 1629 745 1687 et
761 1623 971 1708 corporalem
988 1624 1235 1707 possessionem
1252 1623 1424 1688 dictorum

314 1725 544 1790 Canonicatus
578 1733 612 1790 et
647 1727 828 1811 prebende,
865 1728 1070 1812 Juriumque
1104 1734 1138 1791 et
1173 1727 1423 1812 pertinencium

314 1851 454 1895 suorum
489 1831 725 1896 vniuersorum
760 1830 932 1895 inducatis
966 1853 1025 1896 seu
1064 1832 1179 1896 induci
1218 1831 1352 1896 faciatis
1387 1838 1422 1896 et

316 1933 509 1998 defendatis
522 1935 712 2010 inductum,
727 1935 867 1999 stallum
881 1936 915 1999 in
929 1937 1032 2000 choro
1046 1942 1080 1999 et
1094 1936 1207 2000 locum
1221 1936 1255 1999 in
1269 1935 1423 2019 capitulo

317 2037 417 2102 dictis
441 2039 657 2104 canonicatui
682 2046 717 2103 et
743 2040 914 2123 prebende
945 2039 1001 2119 (ab
1029 2040 1187 2124 an)tiquo
1215 2038 1423 2123 pertinentia

317 2142 427 2206 eidem
443 2143 632 2227 assignatis.
681 2144 774 2207 Data
789 2144 882 2227 apud
898 2144 1106 2220 Chelchieth,
1123 2144 1213 2227 xiiij0
1227 2144 1282 2207 die
1296 2145 1423 2208 mensis

317 2246 532 2322 Nouembris,
559 2247 660 2312 Anno
687 2248 767 2311 D'ni
794 2248 972 2312 Millesimo
1001 2250 1104 2332 (cc)cc
1130 2248 1217 2331 xlij0,
1245 2255 1280 2313 et
1306 2254 1422 2313 nostre

317 2351 554 2416 translacionis
573 2373 664 2416 anno
684 2352 816 2416 decimo
836 2359 971 2417 octauo.

561 2519 648 2602 (272)
678 2520 929 2602 (Presentation
954 2521 989 2583 of
1013 2520 1199 2603 Mandate).

405 2672 504 2736 Istud
516 2672 721 2736 mandatum
734 2672 799 2736 fuit
812 2678 1049 2755 presentatum
1062 2672 1220 2756 Capitulo
1233 2673 1310 2737 eccl.
1325 2674 1419 2757 pred.

317 2776 441 2860 Ripon’
482 2776 672 2861 penultimo
712 2776 766 2841 die
805 2777 931 2841 mensis
971 2776 1180 2861 Septembris
1214 2798 1305 2842 anno
1339 2777 1420 2842 D’ni

315 2881 492 2945 Millesimo
528 2892 642 2946 ccccm⁰
679 2881 765 2964 xlij0,
813 2882 860 2945 Et
895 2882 1014 2945 eodem
1052 2882 1106 2946 die
1143 2882 1209 2946 fuit
1247 2882 1421 2966 predictus

313 2986 490 3069 Johannes
511 2986 659 3050 Delaber
679 2986 847 3050 admissus
870 3007 929 3069 per
945 2993 1211 3070 procuratorem,
1229 3007 1331 3070 super
1350 3008 1420 3071 qua

313 3090 518 3154 admissione
532 3091 654 3154 habuit
669 3090 785 3154 literas
799 3090 949 3174 Capituli
964 3090 998 3154 in
1013 3091 1123 3155 forma
1137 3097 1240 3174 prout
1254 3091 1418 3176 sequitur.

315 3282 402 3365 (273)
428 3282 607 3347 Annrssro
630 3283 762 3347 Mnc’m
786 3282 907 3365 Jon’rs
927 3282 1103 3346 Demean
1123 3299 1173 3346 An
1196 3299 1419 3346 enneanoan

358 3404 406 3449 oe
430 3387 565 3451 Tnone.
1200 3412 1203 3417 ’

400 3541 456 3606 Ca.
479 3541 557 3605 eccl.
580 3540 661 3605 Coll.
685 3542 717 3604 b.
740 3541 792 3605 W.
816 3541 953 3624 Ripon',
975 3542 1058 3606 Ven.
1081 3541 1155 3606 viro
1176 3541 1305 3626 Mag'ro
1326 3541 1417 3624 Joh’i

312 3644 459 3709 Delaber
473 3646 508 3710 in
521 3645 609 3710 decr.
624 3646 711 3720 bac,
726 3666 773 3710 sa.
789 3645 823 3709 in
838 3645 976 3709 sinceris
989 3645 1203 3730 amplexibus
1219 3646 1416 3711 Saluatoris.

311 3749 366 3812 Ad
387 3749 635 3814 Canonicatum
657 3749 735 3814 eccl.
759 3750 830 3814 n’re
854 3749 977 3833 Ripon’
1001 3756 1035 3814 et
1057 3750 1101 3815 ad
1122 3751 1215 3834 preb.
1239 3751 1281 3815 de
1302 3750 1418 3835 Thorp

311 3853 346 3917 in
368 3854 498 3930 eadem,
521 3860 685 3919 vacantes
708 3859 742 3917 et
765 3855 828 3917 tibi
852 3875 912 3937 per
934 3854 1269 3919 Reuerendissimum
1291 3855 1326 3919 in
1348 3876 1418 3939 xpo

310 3964 445 4040 patrem
479 3965 514 4023 et
548 3959 644 4022 d’nm
678 3959 791 4022 n'rum
825 3958 921 4036 d’nm
956 3958 1161 4041 Johannem,
1197 3959 1417 4023 miseracione

310 4062 429 4128 diuina
456 4063 549 4128 tituli
577 4063 650 4128 S’ce
680 4062 824 4127 Balbine
852 4068 1067 4126 sacrosancte
1096 4063 1252 4127 Romane
1280 4063 1416 4128 ecclesie

309 4168 536 4251 presbiterum
549 4167 773 4243 Cardinalem,
785 4167 942 4251 Archiep.
958 4168 1073 4242 Ebor.,
1087 4167 1208 4252 Anglie
1220 4167 1414 4251 primatem,

309 4277 343 4335 et
378 4272 563 4356 apostolice
596 4272 685 4336 sedis
719 4271 871 4357 legatum
906 4271 1059 4347 collatos,
1096 4277 1130 4335 te
1164 4272 1198 4336 in
1233 4292 1414 4356 personam

309 4376 484 4440 Humfridi
514 4377 656 4452 Brokas,
687 4375 918 4460 procuratoris
948 4376 999 4440 tui
1029 4376 1254 4440 sufficientem
1285 4376 1318 4441 in
1349 4377 1415 4442 bac

307 4486 405 4564 parte
432 4486 641 4565 potestatem
669 4480 828 4545 habentis
856 4479 1083 4556 admittimus
1113 4480 1245 4564 tibique
1271 4481 1412 4546 stallum

306 4584 341 4649 in
372 4585 475 4649 choro
506 4591 540 4648 et
571 4584 684 4649 locum
714 4585 750 4650 in
789 4584 948 4668 Capitulo
984 4584 1085 4648 dictis
1121 4584 1345 4649 Canonicatui
1377 4591 1412 4649 et

306 4688 477 4772 prebende
511 4689 704 4773 antiquitus
737 4689 946 4771 pertinentia
980 4689 1202 4773 assignamus,
1238 4695 1273 4753 et
1308 4695 1342 4753 te
1376 4689 1409 4754 in

306 4794 516 4877 corporalem
532 4794 778 4877 possessionem
794 4793 885 4857 dicte
901 4793 1072 4877 prebende
1089 4815 1167 4858 cum
1183 4793 1252 4858 suis
1269 4794 1412 4877 Juribus
