3392 5650
649 731 742 793 Acrs
766 746 811 794 or
834 727 1013 795 cernerer.
1321 746 1385 811 247

278 905 440 971 dentatas
470 908 560 971 inter
590 894 722 972 dictum
753 910 947 973 venerabile
978 910 1176 993 Capitulum
1207 916 1242 973 et
1272 909 1385 992 ipsum

278 1010 428 1093 plenarie
467 1013 640 1077 faciendas
679 1014 818 1096 recipiet
857 1020 892 1077 et
931 1035 971 1077 ea
1009 1035 1087 1078 cum
1126 1015 1171 1078 ab
1209 1014 1274 1077 hac
1311 1014 1386 1077 luce

277 1115 476 1200 migrauerit
489 1117 544 1180 vel
557 1117 657 1181 aliter
668 1117 965 1201 qualitercumque
979 1119 1023 1182 ab
1037 1118 1232 1182 huiusmodi
1246 1116 1386 1181 ecclesia

277 1225 311 1282 et
333 1220 489 1284 cantaria
510 1221 684 1284 recesserit
706 1222 816 1285 eidem
838 1221 999 1305 Capitulo
1020 1227 1055 1285 et
1077 1222 1146 1286 suis
1168 1223 1203 1285 in
1225 1242 1265 1285 ea
1286 1226 1385 1305 parte

277 1322 453 1407 deputatis
479 1325 650 1389 retradere
676 1332 711 1389 et
737 1325 880 1389 liberare
907 1325 1053 1390 fideliter
1079 1332 1249 1401 teneatur,
1279 1330 1313 1388 et
1340 1324 1385 1388 ad

276 1448 343 1511 que
362 1429 478 1493 omnia
495 1435 530 1492 et
548 1430 681 1514 singula
699 1430 898 1514 supradicta
916 1430 965 1494 sic
983 1436 1022 1493 vt
1041 1426 1211 1513 prefertur
1228 1428 1385 1493 facienda

277 1537 311 1594 et
334 1532 379 1595 ad
401 1533 490 1596 hanc
512 1540 666 1597 nostram
689 1533 943 1598 ordinacionem
966 1534 1109 1598 firmiter
1131 1534 1384 1617 imperpetuum
1444 1553 1446 1557 ⁴

277 1636 538 1712 obseruandam‚
566 1638 720 1721 prefatus
744 1637 820 1701 d'ns
844 1638 993 1702 Rob'tus
1017 1638 1059 1701 de
1082 1637 1227 1713 Witton,
1255 1637 1385 1721 primus

277 1739 368 1803 dicte
380 1740 539 1805 Cantarie
552 1741 765 1824 CapellanuS,
780 1747 815 1804 et
827 1742 935 1806 futuri
948 1762 1156 1806 successores
1168 1741 1220 1806 sui
1233 1741 1384 1805 eiusdem

276 1843 435 1908 Cantarie
451 1845 625 1928 Capellani
641 1866 759 1909 omnes
775 1851 810 1909 et
825 1845 949 1930 singuli
965 1847 1010 1910 ad
1026 1847 1170 1910 eandem
1186 1845 1384 1910 Cantariam

275 1969 335 2031 per
374 1949 572 2031 Capitulum
604 1949 822 2025 admittendi,
852 1956 887 2013 et
923 1949 958 2013 in
991 1950 1111 2014 eadem
1142 1949 1304 2014 canonice
1334 1949 1384 2013 in-

275 2052 441 2116 stituendi
458 2059 493 2116 et
512 2053 706 2128 inducendi,
724 2054 953 2118 incontinenti
969 2060 1048 2137 post
1064 2054 1136 2118 eius
1152 2060 1187 2117 et
1202 2053 1384 2117 cuiuslibet

275 2156 461 2221 eorundem
494 2157 529 2220 in
560 2178 600 2221 ea
630 2164 729 2241 parte
761 2157 1002 2222 admissionem
1033 2158 1105 2222 siue
1135 2157 1383 2233 induccionem,

276 2282 391 2325 coram
416 2261 623 2326 admittente
647 2262 843 2326 huiusmodi
863 2262 918 2326 vel
940 2262 1135 2326 conferente
1154 2281 1382 2346 quocumque,

277 2365 321 2429 ad
343 2373 464 2430 sancta
486 2366 549 2430 Dei
572 2367 760 2451 Euangelia
782 2387 843 2450 per
864 2366 977 2449 ipsum
999 2372 1034 2430 et
1056 2386 1174 2430 eorum
1195 2365 1383 2450 quemlibet

276 2471 498 2554 corporaliter
528 2477 623 2534 tacta
652 2471 821 2554 prestabit
852 2477 887 2534 et
917 2472 1121 2555 prestabunt
1152 2471 1384 2535 iuramentum

276 2574 310 2637 in
344 2575 409 2638 hoc
440 2595 532 2650 casu,
567 2576 718 2660 alioquin
752 2576 857 2659 ipsius
890 2575 1064 2658 Capellam
1096 2575 1156 2659 qui
1188 2574 1384 2639 huiusmodi

274 2678 507 2742 iuramentum
549 2699 618 2742 non
657 2679 847 2762 prestiterit
884 2679 1047 2743 admissio
1083 2684 1118 2742 et
1155 2678 1312 2743 induccio
1349 2678 1384 2741 in

274 2782 472 2846 Cantariam
492 2782 683 2867 predictam
702 2782 795 2848 omni
818 2779 880 2866 (85)
904 2782 1019 2867 vigore
1038 2788 1178 2847 careant
1194 2788 1229 2846 et
1247 2782 1382 2846 effectu.
1411 2782 1587 2912 {fflssffirtgf

276 2886 443 2951 Volumus
468 2887 606 2971 insuper
630 2894 665 2951 et
690 2894 807 2951 tenore
831 2888 1045 2971 presencium
1070 2887 1268 2951 ordinamus
1292 2886 1386 2970 quod
1448 2916 1548 2979 Ripon.

276 2990 587 3075 quocienscumque
628 2997 663 3054 et
703 2991 993 3075 quandocumque
1033 2991 1214 3075 contigerit
1256 2990 1386 3054 dictam

278 3094 476 3159 Cantariam
496 3095 724 3179 quouismodo
743 3116 877 3171 vacare,
898 3095 992 3179 quod
1012 3095 1207 3159 huiusmodi
1227 3094 1387 3159 Cantarie

277 3303 380 3378 tuci0,
408 3310 442 3367 et
468 3303 667 3368 omnimoda
692 3303 874 3386 disposicio
899 3303 944 3366 ad
969 3303 1162 3386 predictum
1188 3302 1386 3386 Capitulum

276 3407 355 3472 eccl.
378 3407 460 3472 Coll.
484 3408 608 3491 Ripon’
630 3407 792 3491 predicte,
811 3407 914 3471 modo
930 3407 1124 3490 subscripto
1140 3407 1199 3470 vni
1220 3412 1386 3491 perpetuo

276 3511 461 3595 Capellano
490 3513 625 3596 ydoneo
655 3518 689 3575 et
718 3512 863 3576 honesto
894 3511 938 3576 ad
967 3511 1085 3575 diuina
1114 3511 1314 3574 celebranda
1346 3517 1386 3574 vt

276 3617 447 3698 prefertur
475 3616 519 3680 ad
549 3617 657 3680 altare
686 3616 890 3700 predictum,
916 3621 950 3679 et
978 3615 1013 3679 in
1038 3615 1178 3679 ecclesia
1207 3615 1386 3699 collegiata

276 3720 431 3803 predicta
445 3720 700 3803 imperpetuum
714 3720 911 3803 pertinebit,
927 3726 962 3783 et
975 3719 1069 3804 quod
1083 3719 1173 3783 idem
1188 3718 1386 3802 Capitulum

276 3824 406 3888 dictam
440 3824 638 3888 Cantariam
671 3824 760 3908 gilde
793 3829 828 3887 et
863 3824 980 3888 altaris
1013 3823 1155 3907 predict.
1190 3822 1386 3887 huiusmodi

276 3929 460 4013 Capellano
500 3929 589 3992 infra
628 3949 780 3992 mensem
819 3949 839 3992 a
879 3933 1033 4011 tempore
1072 3933 1154 3991 note
1192 3926 1387 3991 vacacionis

275 4033 428 4097 eiusdem
465 4032 606 4118 singulis
644 4033 869 4096 vacacionum
909 4031 1121 4114 temporibus
1159 4030 1313 4094 conferat
1351 4036 1385 4094 et

276 4136 426 4222 assignet
458 4159 497 4201 ac
528 4137 644 4201 induci
676 4137 781 4200 faciat
813 4156 892 4199 cum
923 4135 993 4199 suis
1025 4134 1155 4199 iuribus
1187 4134 1221 4198 in
1253 4134 1383 4198 eadem.

276 4242 322 4305 Et
345 4242 373 4304 si
396 4241 589 4326 predictum
613 4241 811 4325 Capitulum
834 4239 924 4303 infra
947 4259 1098 4303 mensem
1122 4238 1317 4303 huiusmodi
1342 4239 1386 4304 ad

275 4345 405 4409 dictam
450 4345 648 4409 Cantariam
692 4345 764 4408 siue
808 4343 1042 4428 Capellaniam
1086 4344 1128 4407 de
1172 4343 1307 4426 ydoneo
1351 4349 1386 4407 et

275 4449 456 4513 sufficienti
485 4449 669 4533 Capellano
698 4449 742 4512 ad
771 4448 890 4512 divina
918 4447 1121 4511 celebranda
1149 4453 1189 4511 vt
1217 4448 1388 4531 prefertur

274 4575 343 4617 non
382 4553 581 4637 prouiderit‚
622 4575 662 4617 ac
700 4553 921 4618 collacionem
952 4558 987 4615 et
1021 4551 1259 4616 induccionem
1297 4552 1386 4616 sicut

275 4665 478 4722 consuetum
506 4664 558 4721 est
585 4664 620 4721 et
647 4657 689 4721 de
717 4657 788 4721 iure
815 4657 887 4720 fieri
915 4656 1018 4720 debet
1046 4656 1080 4719 in
1108 4655 1184 4740 alijs
1212 4655 1386 4738 beneficiis

274 4762 510 4827 ecclesiasticis
525 4762 721 4826 huiusmodi
736 4761 921 4846 Capellano
936 4761 1025 4825 infra
1040 4767 1177 4844 tempus
1192 4759 1386 4844 predictum
