3392 5650
341 698 403 745 roo
622 680 701 746 Tne
726 680 882 744 luoner
906 678 1153 746 Mauuscrurr.

339 861 543 944 munderby‚
572 860 635 925 lxs.
677 859 773 926 Item
802 859 895 943 Joh’i
924 859 966 923 de
994 859 1144 942 Lynton
1174 879 1255 921 coco
1282 877 1356 933 su0,
1385 856 1447 921 xls.

341 965 429 1028 Item
454 965 593 1049 Hugoni
618 963 748 1048 Rydier
770 970 804 1027 et
830 964 959 1027 Rob'to
983 963 1110 1044 Dobyn
1133 963 1272 1046 vtrique
1295 962 1305 1045 j
1332 982 1448 1037 marc,

339 1069 361 1153 ij
383 1090 486 1134 marc.
535 1069 624 1133 Item
644 1069 736 1152 Joh’i
755 1069 797 1132 de
816 1068 1018 1151 Chadeslay,
1040 1068 1100 1131 xls.
1150 1067 1240 1131 Item
1259 1066 1451 1151 Margarete

340 1174 456 1237 relicte
485 1173 549 1237 Ad.
581 1174 623 1237 de
652 1174 849 1237 Thomtour
880 1173 921 1254 (i)
954 1192 1016 1256 pro
1045 1171 1229 1236 armaturis
1259 1170 1362 1235 michi
1391 1190 1452 1255 per

341 1278 451 1362 ipsam
472 1278 574 1352 datis,
597 1298 664 1361 que
686 1277 824 1342 fuerunt
846 1277 962 1341 mariti
984 1277 1046 1351 sui,
1069 1298 1092 1339 v
1113 1297 1216 1340 marc.
1266 1275 1356 1340 Item
1377 1274 1451 1359 lego

341 1382 422 1446 d’no
450 1382 599 1445 Henrico
626 1382 669 1445 de
697 1381 840 1466 Ingelby
868 1381 913 1464 xij
945 1381 1056 1444 discos
1083 1387 1117 1444 et
1145 1380 1191 1463 xij
1221 1379 1338 1444 salsar.
1368 1400 1450 1464 arg„

340 1507 428 1570 quos
466 1486 586 1570 eligere
623 1486 781 1559 voluerit,
821 1486 886 1548 illis
924 1486 1076 1568 exceptis
1113 1505 1200 1569 quos
1238 1485 1342 1549 habui
1380 1483 1452 1547 d’ni

341 1589 521 1673 Gyudonis
550 1590 592 1653 de
622 1590 749 1673 Bryan,
780 1590 838 1673 qui
869 1590 933 1653 sibi
962 1590 1117 1672 superius
1146 1590 1313 1673 legantur.
1362 1588 1452 1652 ltem

342 1695 435 1778 Joh’i
455 1695 497 1758 de
514 1694 647 1758 Acastr’
670 1701 703 1757 et
726 1694 838 1757 lsolde
858 1695 956 1758 vxori
977 1715 1046 1768 sue,
1069 1715 1115 1757 xx
1135 1694 1181 1768 li,
1199 1694 1226 1756 si
1247 1692 1451 1776 permittant

342 1805 498 1863 tenentes
520 1798 657 1862 ecclesie
680 1798 830 1881 Rypon’,
853 1798 1012 1863 videlicet
1034 1798 1288 1881 Asmunderby,
1312 1797 1346 1861 in
1368 1817 1452 1880 pace

341 1904 413 1967 sine
437 1904 700 1987 perturbacione
722 1923 931 1987 permanere..
980 1904 1070 1967 Item
1096 1902 1259 1986 Magistro
1284 1901 1386 1965 Petro
1410 1901 1452 1964 de

342 2007 518 2083 Newbald,
550 2007 722 2072 Canonico
752 2007 831 2071 eccl.
865 2008 1041 2090 Lyncoln'‚
1073 2028 1181 2071 vnum
1211 2007 1351 2090 ciphum
1382 2026 1450 2090 arg.

341 2134 420 2177 cum
446 2112 658 2195 cooperculo
687 2118 720 2175 et
748 2132 817 2175 uno
845 2112 1004 2176 Skochon
1030 2111 1065 2175 in
1096 2112 1267 2194 profundo
1291 2111 1333 2174 de
1359 2110 1451 2195 gall.¹

343 2217 432 2281 Item
454 2217 535 2281 d’no
558 2216 651 2298 Joh’i
673 2216 716 2279 de
738 2215 905 2281 Newbald
927 2223 961 2280 et
984 2216 1076 2298 Joh’i
1100 2216 1199 2280 fratri
1220 2235 1292 2289 su0,
1315 2214 1453 2298 vtriquc

341 2341 450 2385 vnum
480 2320 620 2403 ciphum
651 2341 730 2385 cum
760 2321 963 2403 cooperculo
991 2321 1033 2384 de
1065 2321 1204 2395 Settes,²
1234 2320 1307 2383 sine
1338 2319 1453 2403 aliquo

129 2421 327 2539 ffivffrigih‘efff
342 2424 510 2489 Skochon.
561 2425 649 2489 Item
660 2425 735 2509 lego
746 2425 789 2488 ad
804 2426 1096 2489 sustentacionem
1111 2424 1229 2488 Rob'ti
1246 2424 1361 2488 fratris
1374 2423 1452 2498 mei,

128 2541 196 2605 woh
223 2571 241 2606 a
263 2529 327 2604 conl
342 2529 532 2593 secundum
572 2529 834 2611 disposicionem
875 2535 909 2592 et
949 2530 1190 2593 discrecionem
1231 2534 1453 2593 executorum

181 2624 279 2672 dmm·
343 2653 497 2697 meorum
519 2633 698 2697 ordinand.
721 2654 748 2696 c.
773 2653 890 2707 marc,
911 2634 961 2697 ita
982 2634 1076 2717 quod
1100 2654 1168 2698 non
1191 2634 1389 2717 interponat
1411 2633 1454 2696 de

343 2742 422 2802 terr.
448 2743 482 2801 et
506 2744 575 2801 ten.
599 2738 683 2801 meis
707 2738 741 2801 in
765 2737 905 2812 Dalton¹
927 2745 979 2802 set
1002 2739 1182 2821 permittat
1205 2737 1291 2801 filios
1312 2757 1391 2802 suos
1414 2757 1454 2803 ea

137 2825 320 2874 T⁰lw⁰⁵⁰¹¹⁵
342 2843 483 2927 pacifice
511 2844 657 2907 habere:
696 2843 748 2906 sin
777 2849 905 2919 autem,
935 2844 1064 2908 nullam
1092 2843 1383 2908 sustentacionem
1411 2843 1453 2906 de

179 2892 209 2940 oi
221 2891 281 2940 said

171 2959 285 3012 nonest.
343 2948 442 3011 bonis
461 2948 546 3011 meis
566 2949 703 3011 habeat.
754 2948 842 3012 Item
863 2948 907 3010 do
928 2954 962 3011 et
982 2948 1057 3033 lego
1076 2948 1190 3012 Will'o
1209 2954 1243 3011 et
1264 2947 1357 3030 Joh'i
1377 2947 1453 3011 filiis

127 3025 327 3088 borsessheep.

146 3094 200 3142 ana
215 3093 316 3153 gours;
343 3053 495 3117 eiusdem
525 3052 643 3115 Rob’ti
672 3072 791 3116 omnes
819 3073 925 3136 equos
954 3059 988 3116 et
1017 3053 1173 3116 bidentes
1202 3051 1295 3135 apud
1323 3051 1453 3116 Dalton

343 3158 540 3231 existentes,
575 3157 692 3231 lectos,
728 3157 897 3239 mappar’,
933 3162 966 3219 et
1002 3157 1117 3221 omnia
1151 3157 1218 3220 alia
1252 3157 1343 3220 bona
1377 3176 1453 3220 mea
1536 3228 1542 3237 ¹

343 3262 470 3325 ibidem
522 3260 718 3336 existencia,
771 3261 869 3324 iuxta
919 3261 1180 3343 disposicionem
1231 3266 1453 3325 executorum
1542 3262 1545 3267 ’

164 3361 223 3408 ³¹⁸0
239 3361 290 3408 ²0²·
342 3386 497 3429 meorum
518 3365 608 3429 inter
629 3364 765 3427 eosdem
782 3364 979 3428 dividenda.
1028 3365 1118 3429 Item
1139 3366 1184 3429 do
1206 3371 1240 3428 et
1261 3365 1336 3449 lego
1357 3365 1450 3447 pred.

342 3469 456 3534 Will’o
473 3475 507 3532 et
524 3468 617 3550 Joh’i
635 3489 681 3531 xx
698 3468 731 3532 li.
751 3468 1007 3552 Sterlingorum.
1057 3470 1146 3534 Item
1163 3470 1322 3553 Johanne
1338 3469 1453 3534 relicte

129 3562 205 3610 ³¹⁰¹⁰
218 3561 328 3624 private
344 3574 467 3658 Rogeri
486 3573 528 3636 de
546 3572 636 3636 Caue
654 3593 677 3635 v
694 3592 798 3636 marc.
847 3573 938 3637 Item
955 3573 1061 3637 Alicie
1079 3574 1145 3637 filie
1164 3574 1283 3638 Rob’ti
1302 3574 1344 3637 de
1361 3573 1453 3638 Caue

157 3627 297 3691 nequests.
342 3698 365 3740 v
390 3698 493 3741 marc.
542 3677 632 3741 Item
657 3677 701 3740 do
727 3683 761 3741 et
786 3677 862 3761 lego
887 3677 980 3760 Joh’i
1006 3684 1040 3741 et
1066 3678 1169 3742 Petro
1193 3678 1453 3762 consanguineis

342 3783 427 3846 meis
448 3781 664 3846 morantibus
686 3781 720 3844 in
744 3780 921 3857 Newbald,
945 3783 1083 3866 vtrique
1105 3804 1127 3845 x
1150 3804 1253 3848 marc.
1278 3805 1324 3846 xx
1347 3803 1450 3847 marc.

130 3893 319 3971 'Tonisvicaf
344 3886 433 3950 Item
462 3886 544 3949 d’no
574 3885 671 3949 Ric’o
700 3885 742 3949 de
771 3885 961 3962 Waketeld,
991 3887 1120 3950 vicario
1149 3907 1225 3951 meo
1254 3888 1297 3951 de
1326 3887 1451 3971 Ripon,

128 3961 328 4083 inhiarssppngtpis
343 3990 502 4056 habitum
526 4010 640 4054 meum
664 4010 744 4054 cum
766 3991 896 4054 meliori
921 3991 1044 4054 amicio
1065 4011 1142 4055 meo
1164 3997 1198 4055 et
1219 4012 1237 4055 c
1258 4013 1284 4056 s.
1308 3992 1450 4075 argenti.

147 4121 188 4170 To
200 4120 248 4168 the
257 4119 312 4166 five
345 4096 434 4159 Item
459 4116 482 4158 v
507 4095 581 4158 aliis
605 4094 741 4158 vicariis
765 4095 917 4158 eiusdem
941 4095 1089 4170 ecclesie,
1112 4096 1251 4160 cuilibet
1274 4116 1360 4170 xxs.‚
1382 4117 1400 4159 c
1424 4116 1450 4161 s.

130 4186 328 4307 ffilgeggaigggp
345 4201 434 4264 uem
459 4199 492 4283 iij
521 4199 607 4262 aiae.
635 4204 669 4262 et
694 4198 727 4282 nj
756 4199 909 4263 subduc.
936 4199 1076 4264 cuilibet
1102 4221 1164 4276 xs„
1190 4201 1252 4265 ns.
1302 4202 1391 4264 uem
1415 4201 1450 4284 vj

130 4328 183 4369 etc.
343 4304 511 4378 choristis,
548 4302 581 4386 iij
621 4302 867 4379 thuribulariis,
904 4303 938 4386 iij
977 4305 1174 4388 patenariis,
1211 4304 1351 4369 cuilibet
1387 4304 1452 4388 iijs.

129 4413 329 4530 aloxliiirsIViiiir
344 4407 441 4491 iiijd„
470 4408 532 4472 xls.
581 4408 670 4470 Item
697 4407 772 4491 lego
799 4407 881 4471 d’no
909 4408 1002 4491 Joh’i
1030 4408 1072 4472 de
1101 4408 1299 4492 Shyrbume
1326 4409 1455 4474 vicario

184 4546 285 4596 others.
417 4619 424 4641 ι
443 4612 531 4660 There
544 4625 631 4660 seems
645 4615 676 4658 to
688 4610 722 4658 be
736 4623 773 4657 no
785 4610 875 4657 doubt
889 4624 919 4658 as
933 4613 963 4657 to
979 4609 1026 4658 the
1046 4610 1160 4672 reading
1179 4610 1208 4658 of
1227 4611 1283 4658 this
1302 4612 1386 4666 word.
1401 4612 1454 4660 but

347 4694 358 4741 l
372 4696 475 4741 cannot
488 4691 599 4755 explain
612 4690 643 4738 it.
684 4690 710 4737 It
722 4703 774 4737 can
788 4687 889 4752 hardly
902 4689 973 4736 refer
986 4693 1017 4737 to
1030 4703 1047 4738 a
1060 4690 1151 4752 gallon
1166 4704 1220 4753 cup
1233 4704 1264 4738 or
1277 4691 1357 4739 bowl.

415 4789 425 4810 ²
444 4784 480 4834 Oi
493 4784 540 4831 the
553 4788 617 4838 sets,
633 4783 686 4836 i.e.‚
700 4781 766 4829 each
780 4781 848 4829 with
863 4795 879 4829 a
891 4795 974 4830 cover
988 4785 1019 4830 to
1032 4782 1149 4831 match?
