3392 5650
577 725 671 790 Acss
695 742 741 789 or
764 724 943 790 Cunprsn.
1254 720 1315 788 281

205 904 298 968 modi
328 903 473 968 statutis
503 904 597 987 prius
628 903 767 979 habitis,
800 904 835 969 in
867 904 1036 979 omnibus,
1069 909 1240 988 quantum
1272 901 1316 966 ad

204 1008 355 1073 officium
375 1030 477 1073 suum
497 1009 670 1093 pastorale
690 1009 853 1084 attonuit,
875 1030 937 1093 pro
956 1030 991 1073 se
1011 1015 1046 1072 et
1065 1007 1317 1073 successoribus

204 1113 274 1178 suis
321 1114 576 1198 imperpetuum
625 1114 799 1178 duraturis
848 1114 1067 1198 approbauit,
1117 1112 1314 1187 ratificauit,

204 1218 432 1284 auctorizauit
451 1225 485 1283 et
504 1219 722 1283 confirmauit
740 1239 780 1282 eo
798 1218 859 1302 qui
876 1218 1032 1302 sequitur
1049 1219 1233 1281 verborum
1251 1216 1316 1281 sub

205 1329 323 1388 tenore
341 1344 394 1387 :-

295 1454 335 1517 ln
364 1453 428 1517 Dei
456 1454 605 1528 nomine,
635 1454 756 1518 Amen.
805 1452 876 1516 Nos
905 1452 1065 1526 Thomas,
1095 1450 1315 1535 permissione

1394 1451 1467 1500 1504,

1377 1505 1442 1567 May
1457 1520 1480 1553 2.

204 1557 322 1622 diuina
346 1558 449 1623 Ebor.
479 1558 774 1642 Archiepiscopus,
806 1557 928 1641 Anglie
960 1557 1101 1631 Primas,
1134 1562 1168 1619 et
1202 1556 1253 1637 (98
1267 1556 1311 1637 v.)
1330 1571 1528 1636 Abp.Savage.

204 1661 334 1745 Ap’lice
370 1662 459 1725 sedis
493 1663 637 1747 legatus
675 1661 810 1745 publice
846 1682 908 1745 pro
942 1660 1105 1725 tribunali
1141 1661 1175 1724 in
1211 1660 1314 1723 domo

203 1766 386 1850 capitulari
403 1767 494 1831 Eccl.
514 1772 630 1831 nostre
648 1766 770 1851 Colleg.
792 1766 929 1849 Ripon’,
949 1765 1099 1829 secundo
1117 1765 1171 1828 die
1189 1765 1315 1829 mensis

204 1870 308 1953 Maij,
334 1871 434 1935 Anno
469 1872 551 1935 D'ni
586 1871 727 1934 Mill’mo
761 1871 1037 1955 quingentesimo
1071 1875 1196 1954 quarto
1231 1874 1315 1933 tunc

203 1973 331 2041 ibidem
363 1976 531 2051 sedentes
566 1976 786 2040 attendentes
818 1974 913 2059 quod
946 1980 1138 2038 memorata
1171 1974 1315 2038 Statuta

203 2079 320 2143 omnia
348 2086 382 2144 et
412 2081 545 2165 singula
574 2100 634 2164 per
662 2080 804 2143 dilectos
833 2079 921 2142 filios
951 2085 1085 2143 nostros
1115 2079 1315 2163 Capitulum

204 2183 294 2248 Eccl.
309 2183 390 2249 Coll.
405 2191 520 2250 nostre
535 2186 658 2269 Ripon'
674 2184 847 2249 antedicte
860 2184 894 2247 in
908 2185 975 2248 ista
987 2205 1049 2248 sua
1062 2183 1314 2248 conuocacione

203 2308 266 2351 sua
293 2288 363 2370 (sic)
391 2289 539 2373 generali
565 2289 734 2363 ordinata,
761 2289 909 2364 decreta,
937 2289 1044 2364 edita,
1073 2289 1254 2364 celebrata,
1281 2294 1316 2352 et

203 2392 386 2456 salubriter
405 2391 563 2467 diffinita,
585 2415 625 2457 ac
645 2394 679 2457 in
701 2394 875 2476 presencia
895 2399 1013 2457 nostra
1033 2414 1093 2478 per
1113 2393 1317 2478 Magistrum

203 2494 372 2559 Thomam
388 2496 557 2581 Magnus,¹
576 2496 645 2579 (sic)
665 2496 893 2562 Secretarium
910 2503 1078 2572 nostrum,
1093 2518 1135 2561 ex
1150 2496 1317 2561 mandato

203 2606 321 2663 nostro
342 2600 478 2684 publice
499 2601 627 2665 ibidem
648 2602 808 2685 perlecta,
833 2601 878 2665 ad
900 2602 964 2665 Dei
986 2601 1123 2665 laudem
1146 2622 1185 2665 ac
1207 2599 1318 2664 diuini

203 2704 316 2768 cultus
346 2704 381 2768 in
412 2704 507 2768 dicta
536 2704 678 2768 ecclesia
708 2712 827 2770 nostra
864 2705 1053 2790 Collegiata
1093 2711 1317 2789 augmentum

203 2807 363 2871 habenda
393 2814 475 2872 sunt
506 2808 688 2873 salubriter
720 2810 892 2886 ordinata,
926 2810 1032 2886 edita,
1061 2816 1095 2874 et
1121 2809 1315 2885 celebrata;

194 2911 338 3002 ,Idcirco
368 2934 408 2977 ea
437 2915 553 2978 omnia
582 2921 616 2978 et
646 2916 780 3001 singula
808 2921 947 2979 statuta
977 2914 1022 2978 ad
1054 2914 1236 2998 specialem
1268 2935 1316 2977 re-

203 3016 426 3100 quisicionem
451 3019 561 3082 tocius
586 3018 735 3103 Capituli
761 3020 852 3085 Eccl.
880 3026 995 3083 nostre
1020 3019 1102 3084 Coll.
1129 3018 1315 3096 antedicte,

204 3121 466 3197 auctorizamus
491 3129 721 3207 acceptamus,
745 3131 780 3188 et
803 3126 1050 3209 approbamus,
1075 3146 1115 3188 ac
1138 3145 1178 3187 ea
1201 3123 1317 3187 omnia

204 3232 238 3289 et
272 3226 405 3312 singula
438 3227 486 3291 sic
520 3227 642 3291 debere
676 3227 748 3292 fieri
782 3235 816 3293 et
851 3229 1108 3312 imperpetuum
1143 3228 1315 3292 obseruari

204 3329 426 3406 decernimus,
463 3331 659 3408 diffinimus,
696 3333 976 3418 pronunciamus
1014 3352 1054 3396 ac
1089 3337 1207 3396 tenore
1241 3353 1315 3416 pre-

203 3435 355 3499 sencium
374 3436 582 3500 auctoritate
601 3442 719 3503 nostra
737 3436 928 3522 pontificali
948 3437 1201 3501 confirmamus.

206 3575 293 3658 (361)
324 3576 519 3640 Srnruruu
547 3594 615 3641 Pno
642 3594 840 3656 osssoorjs
868 3577 1100 3642 Arnrrsram
1130 3577 1244 3642 Rudis
1271 3595 1316 3642 rr

247 3696 411 3744 neronum
437 3697 563 3744 uuouu
588 3681 741 3757 Ausim,
769 3699 918 3746 nucuon
945 3682 1174 3746 Pourrrrcon
1200 3682 1312 3747 Esou.

247 3800 291 3849 nc
315 3784 583 3849 CANourcouon
607 3786 936 3862 1sr1usEchusrs‚
962 3804 1007 3850 Er
1028 3804 1178 3851 oumuu
1202 3804 1314 3851 BENE-

248 3904 440 3952 FACTORUM
475 3904 638 3952 EIUSDEM
673 3906 818 3966 ounrsn
853 3908 890 3954 m
926 3907 1027 3955 nuno
1062 3907 1314 3955 SOLEMPNITER

247 4008 509 4057 csrrssunnnrs.

291 4107 377 4173 Cum
394 4108 438 4172 sit
455 4115 630 4175 statutum
647 4131 708 4194 per
724 4118 956 4178 antecessores
973 4118 1109 4177 nostros
1126 4111 1315 4177 Canonicos

203 4211 302 4276 istius
320 4212 471 4277 Ecclesie
489 4213 524 4277 in
543 4213 696 4297 quadam
715 4214 972 4279 Conuocaeione
991 4215 1140 4299 generali
1158 4216 1192 4280 in
1212 4215 1315 4281 domo

203 4315 392 4399 Capitulari
422 4316 550 4381 ibidem
579 4339 640 4402 per
668 4319 760 4402 ipsos
789 4320 972 4395 celebrata,
1003 4320 1068 4384 vir.
1101 4320 1136 4384 in
1166 4321 1315 4385 crastino

203 4420 320 4485 Sancti
340 4421 445 4486 Marci
463 4422 684 4508 Euangeliste
703 4425 805 4488 Anno
824 4424 905 4488 D'ni
925 4424 1068 4488 Mill'mo
1087 4425 1315 4510 quadringen-

203 4525 325 4589 tesimo
346 4526 467 4610 prim0,
490 4534 594 4610 prout
616 4527 651 4592 in
674 4528 839 4613 Registris
861 4529 989 4592 nostris
1010 4549 1071 4613 per
1092 4549 1154 4593 nos
1175 4535 1317 4614 propter

275 4681 281 4701 ¹
302 4675 423 4724 Thomas
439 4677 556 4740 Magnus
572 4693 628 4726 was
641 4678 825 4726 ‘Archdeacon
842 4678 872 4726 of
890 4679 937 4726 the
957 4679 1026 4726 East
1045 4679 1155 4742 Riding,
1175 4679 1270 4728 Canon
1288 4678 1316 4726 ol

205 4754 349 4817 Beverley,
365 4757 419 4804 and
434 4771 490 4804 was
504 4756 532 4804 in
549 4768 615 4818 1509
629 4772 665 4805 an
679 4762 811 4806 executor
824 4757 853 4807 of
867 4757 1042 4821 Archbishop
1060 4758 1176 4822 Savage.
1214 4757 1316 4815 Leacb,

201 4834 326 4894 Beverrey
339 4835 483 4897 (Surtees),
499 4837 537 4895 11,
551 4836 625 4888 xciv,

1364 4109 1483 4158 Ancient

1364 4181 1483 4226 custom.

1394 4333 1467 4379 1401.

1359 4385 1436 4448 April
1456 4388 1498 4435 26.
