3392 5650
643 718 874 783 Camumnv.

590 910 678 993 (141)
706 910 762 974 Du
787 926 926 974 nonan.

289 1080 391 1142 Omn.
421 1084 540 1142 sancte
569 1078 690 1141 matris
719 1078 798 1141 eccl.
830 1077 907 1141 tiliis
936 1077 981 1141 ad
1009 1098 1096 1161 quos
1125 1076 1221 1140 litere
1250 1076 1314 1139 iste
1375 1100 1490 1136 c.1200.

201 1182 430 1267 peruenerint,
464 1182 568 1265 capit.
612 1181 678 1245 S'ci
717 1181 864 1245 Wilfridi
903 1181 945 1245 de
985 1181 1122 1264 Ripon’,
1155 1181 1312 1245 salutem.

202 1285 347 1350 Nouerit
374 1285 578 1350 vniuersitas
602 1292 717 1349 vestra
741 1306 814 1361 nos,
841 1305 939 1369 prece
965 1291 999 1348 et
1022 1285 1191 1369 peticione
1214 1283 1315 1347 Alani

202 1390 357 1455 canonici
366 1388 493 1465 nostri,
511 1389 587 1453 ded.
606 1396 640 1453 et
657 1409 751 1453 cone.
771 1387 926 1454 Gamello
942 1395 977 1453 et
996 1391 1065 1452 her.
1089 1410 1115 1453 s.
1136 1388 1314 1453 dimidium

202 1514 318 1559 acram
338 1500 427 1558 terre
447 1514 526 1558 cum
548 1493 708 1558 domibus
733 1494 828 1558 iuxte
853 1500 994 1577 pontem
1019 1493 1249 1577 aquilonalem
1273 1492 1316 1555 de

204 1599 287 1673 Yor,
309 1598 419 1662 Redd.
440 1598 519 1662 inde
536 1598 718 1662 annuatim
735 1598 828 1681 pred.
847 1597 959 1661 Alano
975 1604 1009 1661 et
1029 1618 1118 1662 succ.
1137 1598 1206 1662 suis
1230 1596 1312 1680 xijd.

203 1723 267 1788 pro
289 1702 383 1767 omni
406 1702 550 1765 servicio
578 1701 630 1780 (43
650 1704 694 1782 v.)
724 1707 758 1765 et
790 1702 972 1766 exaccione
996 1708 1030 1765 et
1056 1701 1315 1779 consuetudine,

202 1805 273 1871 scil.
300 1805 373 1889 vjd.
396 1806 441 1870 ad
463 1805 561 1870 Pent.
586 1811 620 1868 et
644 1804 716 1888 vjd.
742 1805 787 1869 ud
811 1805 833 1870 f.
860 1806 892 1869 S.
918 1806 961 1870 M.
1010 1806 1053 1871 H.
1079 1811 1103 1870 t.
1127 1806 1314 1890 Stephano,

203 1910 385 1987 Willehn0,
404 1916 468 1975 etc.

710 2149 810 2231 (142).

297 2357 373 2420 Hoc
394 2354 625 2439 cyrograflum
646 2359 796 2418 testatur
818 2353 913 2437 quod
937 2353 1055 2418 Nich’s
1078 2355 1120 2419 de
1145 2355 1317 2439 Bondgat,

207 2462 310 2545 Hugo
347 2460 389 2524 de
426 2459 600 2533 Peniston,
640 2458 725 2543 Rog.
764 2458 806 2522 de
843 2458 875 2521 la
912 2459 1130 2542 Maudelayn,
1169 2460 1318 2524 Rob'tus

205 2564 367 2638 Thorald,
402 2563 475 2627 Ric.
511 2563 593 2637 Paa‚
627 2568 661 2625 et
695 2561 813 2625 Nich’s
846 2562 952 2637 Miles,
987 2563 1104 2627 vicarii
1137 2564 1216 2628 eccl.
1251 2563 1317 2628 S'ci

207 2668 354 2734 Wilfridi
383 2666 508 2751 Ripon’
537 2672 777 2730 concesserunt
805 2672 839 2729 et
868 2666 912 2730 ad
940 2666 1030 2731 leodi
1058 2667 1192 2732 firmam
1220 2668 1318 2732 dimi-

207 2778 326 2838 serunt
356 2771 487 2836 Thome
517 2771 559 2836 de
591 2771 726 2835 Marion
757 2776 791 2834 et
824 2770 938 2836 Eduse
968 2772 1066 2837 vxori
1097 2772 1179 2847 eius,
1211 2793 1319 2838 vnum

208 2877 422 2962 mesuagium
449 2896 528 2940 cum
557 2882 642 2959 pert.
672 2875 707 2939 in
737 2875 862 2958 Ripon’
891 2876 1004 2940 iacens
1032 2877 1066 2940 in
1095 2876 1320 2961 Staynbrigat

204 2982 294 3047 inter
311 3002 392 3046 mes.
413 2981 549 3064 Joh’nis
566 2980 609 3044 de
627 2979 740 3063 Snape
758 2986 792 3043 et
811 3001 893 3044 mes
915 2979 1034 3043 Rob’ti
1052 2980 1094 3044 de
1113 2980 1216 3054 libor,
1236 2980 1317 3043 Ten.

205 3092 240 3151 et
260 3086 340 3150 hab.
363 3084 445 3150 eisd.
467 3085 505 3149 T.
528 3090 563 3148 et
584 3085 623 3148 F..
646 3090 680 3147 et
702 3085 770 3148 her.
793 3083 900 3166 ipsius
921 3083 959 3148 T.
981 3090 1016 3147 et
1036 3085 1106 3148 suis
1127 3084 1263 3169 assign,
1285 3083 1317 3147 li.

206 3190 288 3276 qui,
303 3190 400 3264 bene,
412 3195 447 3253 et
460 3188 495 3252 in
508 3209 603 3272 pace,
618 3188 651 3252 in
665 3208 759 3273 perp.
804 3187 914 3252 Redd.
930 3187 1008 3252 inde
1025 3209 1057 3272 p.
1070 3209 1124 3252 an.
1140 3188 1241 3252 dictis
1253 3187 1318 3252 vic.

205 3299 240 3359 et
257 3314 347 3359 succ.
366 3314 392 3358 s.
411 3313 471 3356 sex
489 3292 615 3356 solidos
637 3292 717 3388 vid)
742 3291 787 3355 ad
806 3292 904 3356 Pent.
925 3291 989 3375 iijs.
1010 3298 1044 3356 et
1063 3292 1107 3356 ad
1125 3293 1147 3356 i.
1169 3292 1200 3357 S.
1222 3293 1265 3357 M.
1286 3292 1319 3356 in

206 3400 239 3464 h.
263 3397 326 3463 iiis.
350 3418 412 3481 pro
433 3418 525 3461 omn.
548 3417 635 3461 serv.
659 3395 812 3470 seculari,
836 3416 962 3471 exacc,
985 3403 1019 3460 et
1044 3396 1225 3461 demanda.
1275 3397 1321 3460 Et

206 3502 290 3568 dicti
309 3502 348 3566 T.
369 3507 403 3565 et
424 3501 463 3565 E.
485 3507 519 3564 et
539 3501 608 3565 her.
630 3500 735 3584 ipsius
755 3505 789 3565 et
808 3500 861 3564 sui
881 3500 1045 3585 assignati
1064 3521 1182 3565 omnes
1201 3501 1322 3565 domos

207 3607 241 3671 in
261 3606 393 3681 eodem,
415 3605 608 3690 mesuagias
632 3604 809 3668 edificatas
833 3610 868 3667 et
893 3604 1102 3669 edificandas
1125 3605 1322 3690 sumptibus

209 3709 356 3795 propriis
376 3709 598 3774 sustinebunt
620 3714 654 3771 et
675 3709 886 3792 reparabunt
908 3709 942 3772 in
964 3709 1055 3773 bono
1075 3715 1172 3774 statu
1193 3710 1323 3794 absque

208 3814 325 3900 aliqua
354 3814 558 3878 allocutione
588 3813 630 3877 de
659 3812 795 3876 vicariis
824 3812 918 3896 pred.
945 3819 979 3876 et
1003 3815 1253 3879 successoribus
1283 3836 1321 3890 s.‚

210 3919 303 4004 ipsos
326 3917 364 3982 T.
391 3924 425 3981 et
449 3918 489 3982 E.
516 3923 550 3981 et
575 3916 714 3981 heredes
739 3916 844 3999 ipsius
869 3917 905 3981 T.
932 3923 966 3980 et
990 3938 1015 3982 s.
1042 3919 1233 4003 assignatos
1257 3919 1323 3983 dis-

213 4023 361 4107 tringere
389 4042 449 4105 per
477 4021 593 4086 omnia
621 4022 711 4084 bona
739 4041 802 4084 sua
829 4021 864 4085 in
893 4021 967 4085 eod.
997 4043 1147 4108 mesuag.
1178 4030 1251 4087 tam
1280 4024 1324 4088 ad

211 4126 491 4191 emendacionem
520 4125 644 4190 domus
671 4145 777 4209 quam
806 4145 869 4208 pro
897 4125 995 4189 firma
1024 4127 1178 4190 terminis
1206 4127 1275 4192 suis
1304 4150 1324 4192 a

210 4236 302 4295 retro
323 4230 502 4294 existente.
552 4228 592 4292 In
614 4249 642 4293 c.
666 4249 691 4292 r.
716 4235 740 4292 t.
764 4229 858 4312 pred.
881 4230 999 4293 vicarii
1021 4230 1129 4315 sigilla
1146 4222 1213 4296 sua
1233 4234 1323 4315 parti

211 4335 313 4400 huius
339 4334 457 4417 scripti
484 4333 617 4397 indenti
646 4333 717 4417 (sic)
748 4353 851 4417 penes
878 4333 969 4417 ipsos
996 4334 1079 4399 Tho.
1109 4342 1142 4399 et
1171 4336 1325 4402 Edusam

212 4422 403 4504 remanenti
423 4443 669 4521 apposuerunt,
691 4443 725 4500 et
744 4438 804 4522 sig.
826 4458 1008 4502 commune
1028 4438 1177 4523 Capituli
1198 4440 1323 4525 Ripon’

213 4542 341 4627 apponi
372 4547 655 4626 procurauerunt,
688 4541 833 4625 predicti
865 4563 946 4606 vero
977 4543 1061 4608 Tho.
1095 4550 1130 4608 et
1162 4546 1201 4609 E.
1234 4547 1325 4629 parti

214 4667 319 4732 penes
336 4647 428 4731 ipsos
445 4647 549 4711 vicar.
569 4646 761 4710 remanenti
779 4646 838 4731 sig.
859 4668 922 4711 sua
940 4656 1184 4733 apposuerunt.
1234 4652 1277 4716 H.
1298 4658 1323 4717 t.

216 4750 302 4838 Rog’
323 4751 449 4836 Swayn
467 4756 502 4816 et
520 4750 651 4816 ceteris.
