3392 5650
344 707 381 768 18
613 706 696 769 Tur.
724 706 878 770 lucitus
904 706 1163 769 lllnuuscnrrr.

340 880 481 964 iniquis,
501 903 542 945 ex
561 894 656 964 parte
672 894 704 944 et
730 902 790 963 per
813 893 944 964 partem
963 880 1114 963 Capituli
1132 894 1164 944 et
1183 879 1439 945 Canonicorum

341 980 584 1064 predictorum,
619 980 661 1044 ad
701 1001 765 1043 vos
804 979 1036 1044 venerabilem
1079 993 1209 1062 patrem
1251 979 1440 1062 predictum

339 1080 450 1144 extitit
466 1092 499 1144 et
515 1093 567 1144 est
586 1079 741 1163 legitime
762 1081 988 1163 appellatum,
1008 1093 1040 1143 et
1062 1100 1122 1162 per
1144 1078 1254 1143 dictos
1272 1077 1444 1143 Commis-

340 1180 451 1244 sarios
482 1192 615 1244 vestros
648 1179 776 1262 prefate
806 1180 1039 1263 appellacioni
1075 1192 1268 1242 reuerenter
1294 1178 1441 1261 paritum

339 1279 447 1344 eciam
466 1293 498 1344 et
514 1279 678 1343 delatum.

128 1469 287 1519 wherefore
427 1467 545 1554 Quare
570 1469 653 1551 petit
676 1469 788 1534 dictus
814 1481 1016 1552 procurator
1041 1469 1182 1533 nomine
1207 1467 1443 1551 procuratorio

126 1536 327 1662 lflssguzlffisselw
342 1568 505 1652 predicto.
537 1570 690 1650 probatis
717 1570 749 1631 in
781 1570 844 1633 hac
874 1582 968 1652 parte
992 1570 1035 1633 de
1064 1569 1136 1632 iure
1163 1568 1352 1651 probandis
1383 1587 1444 1650 ρτο

127 1666 424 1732 prouorroravoce
455 1668 544 1732 dicte
574 1669 826 1751 appellacionis
861 1690 901 1733 ac
934 1682 1048 1733 vestra
1085 1669 1337 1742 iurisdiccione‚
1376 1669 1445 1732 dic-

126 1732 322 1846 ζξέῗζέἒρῖἱρ
339 1782 463 1850 tosque
487 1768 580 1831 viros
605 1767 875 1833 Commissarios
897 1770 985 1832 male
1006 1782 1038 1832 et
1061 1770 1179 1851 inique
1196 1769 1441 1842 sentenciassc,

338 1868 545 1941 decreuisse,
575 1880 609 1931 et
638 1881 898 1952 augmentasse,
926 1883 959 1931 et
987 1868 1159 1951 predictos
1185 1867 1385 1951 Capitulum
1411 1882 1443 1931 et

339 1967 539 2033 Canonicus
570 1969 658 2031 bene
696 1981 729 2031 et
764 1967 920 2051 legitime
952 1969 1150 2050 appellasse
1183 1990 1243 2051 per
1274 1990 1336 2032 vos
1370 1989 1447 2051 pro-

340 2067 495 2132 nunciari
519 2079 552 2131 et
575 2068 753 2139 declarari,
775 2087 909 2131 necnon
935 2068 1054 2131 omnia
1078 2081 1110 2131 et
1134 2068 1276 2149 singula
1300 2080 1446 2150 attemp-

340 2179 409 2230 tata
427 2179 504 2249 post
523 2180 556 2230 et
575 2179 695 2230 contra
717 2168 994 2250 appellacionem
1021 2168 1208 2250 predictam
1236 2168 1387 2231 reuocari
1413 2181 1446 2230 ct

340 2266 480 2343 cassari,
497 2266 711 2349 ulteriusque
724 2264 796 2329 lieri
813 2265 846 2328 in
863 2266 1042 2348 premissis
1054 2280 1087 2330 et
1100 2287 1140 2330 ea
1157 2266 1445 2348 contingentibus

342 2368 436 2430 iuxta
470 2366 671 2449 qualitatem
708 2377 740 2429 et
781 2379 938 2428 naturam
978 2367 1166 2430 eorundem
1209 2368 1240 2429 in
1281 2366 1446 2429 omnibus

341 2466 475 2531 iusticie
499 2468 805 2549 complementum.
867 2466 942 2529 Hec
965 2465 1057 2541 dicit,
1087 2467 1260 2549 proponit.
1288 2480 1321 2529 et
1345 2466 1439 2549 petit.

340 2587 380 2630 ac
398 2567 543 2648 probare
561 2565 709 2629 intendit
724 2565 837 2629 dictus
863 2578 1074 2648 procurator,
1097 2566 1237 2629 nomine
1254 2587 1324 2648 quo
1341 2585 1447 2648 supra

340 2665 552 2729 coniunctim
593 2679 626 2729 et
660 2664 813 2741 diuisim‚
852 2665 922 2749 Jur’
959 2664 1127 2730 beneficio
1162 2687 1300 2749 semper
1333 2667 1443 2735 saluo.

344 2766 500 2849 Litisque
531 2765 788 2831 contestacionc
820 2766 935 2829 verbis
969 2766 1142 2849 negatinis
1171 2765 1258 2830 lacta
1291 2766 1447 2850 legitime

341 2866 383 2930 ad
412 2865 561 2930 eundem
594 2881 627 2929 et
659 2887 718 2949 per
749 2878 934 2948 vtrumque
965 2867 1135 2930 dictorum
1170 2881 1444 2948 procuratorum,

343 2966 538 3029 iuramento
576 2966 775 3048 calumpnie
813 2979 846 3029 et
881 2966 923 3030 de
955 2967 1096 3029 veritate
1128 2966 1273 3029 dicenda
1307 2967 1447 3030 nomine

341 3066 564 3130 dominorum
611 3086 753 3128 suorum
798 3066 1025 3149 solempniter
1065 3066 1217 3148 prestito,
1261 3067 1448 3149 propositis

342 3165 450 3230 eciam
485 3185 545 3247 per
580 3178 710 3246 partem
750 3165 984 3246 appellantem
1025 3165 1235 3246 quibusdam
1278 3167 1447 3248 pretensis

344 3264 587 3347 iniquitatibus
604 3278 723 3326 contra
740 3264 952 3327 sentenciam
972 3265 1074 3327 latam
1102 3284 1161 3346 per
1178 3264 1448 3329 Commissarios

343 3364 547 3435 antedictos
578 3363 746 3426 Termino
777 3363 886 3426 eciam
915 3364 995 3427 dato
1023 3363 1064 3427 ad
1092 3366 1318 3446 proponenda
1344 3367 1448 3429 intro-

343 3463 502 3527 ducenda
518 3463 637 3526 omnia
655 3465 688 3524 in
707 3461 796 3526 lacto
820 3464 1062 3538 consistencia‚
1083 3478 1115 3527 et
1140 3465 1173 3526 in
1199 3466 1347 3528 termino
1372 3467 1448 3548 ipso

344 3563 508 3627 exhibitis
526 3583 586 3645 per
607 3574 737 3644 partem
760 3563 994 3644 appellantem
1018 3565 1216 3645 predictam,
1237 3566 1446 3646 quibusdam

346 3662 650 3745 proposicionibus
678 3662 763 3725 iuris
790 3675 823 3724 et
855 3660 932 3724 facti
964 3664 1200 3746 allegaciones
1231 3685 1291 3727 seu
1325 3686 1448 3729 causas

345 3761 605 3825 continentibus
623 3774 761 3843 propter
779 3781 879 3842 quas,
899 3774 935 3823 vt
956 3762 1220 3843 protendebatur
1244 3765 1277 3826 in
1303 3764 1445 3837 eisdem,

345 3861 592 3943 augmentacio
632 3861 835 3942 porcionum
875 3861 1079 3924 vicariarum
1114 3863 1342 3944 predictarum
1378 3885 1445 3927 non

154 3960 456 4024 TheCanonsluerat
479 3959 646 4037 iacienda,
667 3961 806 4042 quibus,
826 3974 999 4042 quatenus
1025 3962 1057 4024 in
1083 3961 1172 4026 facto
1197 3964 1445 4036 consistabant‚

132 4046 272 4166 {ffiff
347 4061 486 4124 demum
512 4074 590 4143 post
605 4060 773 4123 diutinam
792 4061 1055 4125 altercacionem
1075 4062 1226 4125 habitam
1252 4084 1357 4145 super
1381 4064 1450 4126 illis

132 4169 231 4218 absent
249 4169 333 4216 them·
349 4161 481 4224 reiectis
509 4173 542 4223 et
569 4160 603 4222 in
628 4181 734 4224 causa
757 4162 934 4237 conclusO,
961 4183 1001 4226 ac
1024 4165 1276 4244 subsequenter
1299 4164 1447 4226 termino

133 4235 313 4348 ζὲξζξῖζζῂῑζη
347 4259 389 4322 ad
407 4259 569 4323 audiend.
590 4260 801 4323 sentenciam
821 4260 906 4342 ipsis
925 4261 1079 4342 partibus
1096 4263 1288 4345 assignato,

133 4381 262 4428 givenon

135 4430 322 4493 rheirappeal.
437 4449 474 4510 ln
511 4469 582 4530 quo
617 4448 765 4511 termino
800 4447 963 4531 Capitulo
998 4461 1030 4512 et
1065 4448 1252 4514 Canonicis
1289 4452 1450 4533 predictis

347 4568 384 4610 se
417 4547 666 4610 contumaciter
696 4548 971 4622 absentantibus,
1006 4570 1154 4630 quorum
1187 4551 1350 4614 absencia
1385 4551 1449 4614 Dei

349 4648 527 4731 presencia
543 4648 733 4730 supleatur,
