3392 5650
173 4557 278 4618 146⁶·7‚

160 4624 226 4672 Feb.
242 4626 283 4675 26.

161 4691 233 4755 Abp.
254 4692 288 4743 G.

172 4757 278 4811 Nevile.

337 713 401 782 228
623 718 702 783 Tira
726 719 882 784 Inorrur
907 719 1153 784 Mnuoscmpr.
1224 732 1228 740 ·

337 897 526 961 necessaria
547 898 674 963 fuerint
696 899 751 962 vel
772 899 881 963 eciam
903 905 1085 983 oportuna,
1108 898 1215 963 Vobis
1236 896 1448 963 coniunctim

338 1006 373 1063 et
393 1000 530 1065 diuisim
551 1008 667 1067 tenore
687 1004 899 1087 presencium
919 1003 1169 1067 committimus
1188 1002 1280 1067 vices
1299 1007 1446 1077 nostras,

339 1124 417 1168 cum
434 1106 614 1170 cuiuslibet
632 1107 840 1172 cohercionis
857 1108 1019 1172 canonico
1036 1112 1220 1191 potestate.
1269 1106 1311 1171 In
1327 1127 1356 1172 c.
1375 1126 1401 1171 r.
1421 1112 1446 1171 t.

339 1208 485 1293 sigillum
509 1218 665 1275 nostrum
689 1212 905 1296 presentibus
928 1212 1161 1296 apposuimus,
1228 1211 1309 1276 Dat.
1334 1211 1369 1275 in
1392 1209 1447 1275 do,

339 1313 414 1378 n'ra
434 1315 622 1399 capitulari
643 1316 769 1400 Ripon’
791 1310 996 1381 duodecimo
1020 1316 1074 1380 die
1097 1316 1223 1380 mensis
1244 1315 1324 1399 Maij
1347 1316 1450 1380 Anno

340 1418 421 1483 D’ni
438 1420 579 1485 Mill'mo
597 1434 715 1485 cccc¹¹¹0
732 1422 944 1505 sexagesimo
963 1427 1099 1505 quarto.

341 1586 428 1669 (324)
468 1586 714 1668 (Protestation
745 1587 781 1651 of
811 1587 982 1651 residence
1014 1593 1051 1651 to
1081 1588 1124 1650 be
1156 1587 1239 1670 kept
1274 1586 1322 1669 by
1356 1586 1451 1669 John

382 1689 591 1773 Southwell).

427 1834 468 1898 In
493 1835 557 1898 Dei
582 1835 731 1911 nomine,
757 1837 878 1900 Amen,
935 1834 1068 1910 Coram,
1095 1840 1163 1909 eta,
1189 1854 1226 1899 as
1250 1834 1288 1897 in
1312 1833 1377 1899 No.
1404 1852 1458 1925 3;ι

339 1938 413 2002 Isto
434 1938 522 2003 festo
543 1938 835 2004 Annunciacionis
857 1941 958 2004 beate
980 1940 1085 2003 Marie
1108 1939 1266 2023 Virginis
1288 1938 1449 2003 videlicet

338 2042 500 2107 vicesimo
523 2043 646 2128 quinto
670 2044 725 2108 die
749 2044 877 2108 mensis
903 2044 1034 2128 Marcii,
1059 2043 1244 2129 incipiente
1269 2064 1361 2107 anno
1386 2043 1449 2108 Doi

339 2145 419 2211 M¹mo
436 2168 513 2213 cccc
531 2148 742 2232 sexagesimo
761 2149 895 2232 quinto

417 2314 504 2396 (325)
534 2312 709 2394 (Mandata
735 2320 772 2378 to
796 2314 915 2380 induet
940 2314 1002 2380 Mr.
1028 2314 1121 2397 John
1145 2312 1369 2395 Pakenham).

425 2454 589 2540 Georgius
611 2508 617 2521 .
643 2509 649 2521 .
675 2471 694 2521 ,¹
717 2457 806 2541 Quia
826 2477 889 2521 nos
911 2457 1161 2522 Canonicatum
1182 2462 1216 2520 et
1237 2456 1449 2542 prebendam

337 2561 380 2624 de
395 2560 551 2624 Sharrow
566 2561 601 2625 in
617 2561 710 2625 dicta
725 2568 843 2625 nostra
859 2562 938 2626 eccl.
956 2562 1079 2646 Colleg.
1098 2561 1212 2645 Ripon
1227 2581 1288 2645 per
1301 2566 1449 2625 mortem

337 2664 408 2729 d'ni
431 2665 550 2728 Rob’ti
573 2666 727 2750 Baguley
750 2718 756 2731 .
782 2718 789 2731 .
815 2676 837 2731 ,¹
862 2667 948 2730 M'ro
969 2666 1122 2749 Johanni
1145 2666 1345 2730 Pakenham
1367 2666 1446 2731 eccl.

337 2775 452 2834 nostre
484 2770 586 2835 Ebot.
620 2769 846 2835 Thesaurario
878 2770 1087 2836 contulimus
1118 2770 1250 2836 intuitu
1280 2770 1447 2847 caritatis,

335 2875 516 2959 ipsumque
539 2875 743 2939 canonicum
766 2880 801 2938 et
824 2875 1090 2958 prebendarium
1114 2875 1286 2939 dictorum
1309 2875 1448 2940 canoni-

335 2984 434 3042 catus
454 2985 489 3042 et
510 2979 683 3063 prebende
705 2979 962 3043 investituimus
983 2985 1018 3043 et
1038 2979 1296 3044 investituimus
1319 2979 1389 3063 (sic)
1412 2979 1448 3043 in

336 3089 370 3146 et
390 3083 432 3146 de
451 3083 593 3158 eisdem,
611 3083 710 3147 vobis
729 3084 935 3148 mandamus
954 3084 1119 3168 quatinus
1138 3085 1190 3167 (79
1200 3085 1246 3168 v.)
1269 3083 1358 3148 circa
1373 3102 1448 3168 pre-

338 3188 451 3251 fatum
486 3188 655 3271 Mag’rum
690 3187 827 3269 Joh'em
863 3188 1063 3252 Pakenham
1097 3208 1157 3252 seu
1192 3193 1448 3272 procuratorem

337 3312 438 3356 suum
456 3291 528 3355 eius
546 3291 684 3355 nomine
702 3292 845 3356 vlterius
864 3293 1082 3376 exequamini
1100 3293 1135 3356 in
1155 3293 1219 3357 hac
1237 3298 1336 3378 parte
1354 3291 1448 3376 quod

336 3401 388 3458 est
411 3401 576 3460 vestrum.
624 3396 705 3460 Dat.
732 3402 851 3460 nostro
875 3398 939 3461 sub
963 3397 1071 3481 sigillo
1095 3416 1164 3480 quo
1188 3396 1240 3461 vti
1264 3416 1447 3461 consueue-

336 3500 442 3563 rimus
461 3500 545 3563 dum
564 3499 677 3563 eccl’ie
696 3499 784 3564 Cath
817 3501 927 3565 Exon.
949 3501 1222 3565 ministrauimus
1241 3501 1276 3565 in
1296 3500 1448 3565 Manerio

337 3609 455 3667 nostro
474 3603 516 3666 de
535 3603 566 3666 le
586 3603 678 3667 More
698 3604 797 3668 iuxta
818 3604 1162 3689 Rickemaynsworth
1181 3605 1336 3670 Lincoln.
1358 3604 1445 3670 dioc.

337 3708 469 3772 decimo
491 3713 616 3772 octauo
637 3706 692 3772 die
714 3708 839 3773 mensis
864 3709 946 3792 Julij
972 3711 1073 3774 Anno
1095 3709 1175 3774 D'ni
1198 3709 1316 3774 Mill'io
1338 3708 1447 3795 quad-

337 3812 579 3897 ringentesimo
600 3813 810 3896 sexagesimo
830 3817 879 3876 νιο
899 3819 934 3878 et
958 3821 1073 3878 nostre
1096 3814 1333 3879 translacionis
1355 3834 1447 3879 anno

337 3936 458 4000 primo,

426 4045 567 4109 Presens
612 4044 817 4110 mandatum
863 4053 937 4112 erat
983 4053 1221 4133 presentatum
1267 4054 1302 4111 et
1348 4047 1448 4131 plene

337 4156 520 4214 executum
540 4149 574 4213 in
594 4149 697 4214 domo
719 4149 879 4236 Capitulo
899 4154 995 4215 xxvta
1015 4151 1069 4217 die
1089 4152 1215 4216 mensis
1237 4151 1319 4235 Julij
1343 4151 1446 4216 Anno

338 4254 418 4318 D'ni
438 4253 555 4318 Mill'io
574 4264 689 4318 cccc⁰¹⁰
706 4254 802 4321 lxvt0.

442 4420 530 4504 (326)
561 4420 736 4501 (Mandate
759 4427 797 4485 to
820 4421 940 4486 induet
964 4423 1025 4488 Mr.
1052 4422 1144 4505 John
1168 4422 1347 4513 Shirwod).

426 4561 590 4647 Georgius
611 4614 617 4628 .
641 4614 647 4627 .
671 4574 693 4628 ,¹
715 4563 804 4647 Quia
823 4584 885 4628 nos
905 4563 1154 4630 Canonicatum
1173 4565 1208 4630 in
1228 4565 1307 4630 eccl.
1328 4571 1447 4631 nostra

338 4666 525 4752 Collegiata
547 4666 675 4750 Ripon'
703 4667 879 4733 antedicta
904 4675 939 4732 et
965 4668 1177 4753 prebendam
1203 4669 1245 4736 de
1270 4669 1387 4756 Thorp
1412 4670 1447 4736 in

410 4823 418 4845 ¹
437 4819 524 4873 Usual
537 4818 616 4871 form.
