3392 5650
245 723 288 789 70
533 706 613 771 Tun
638 705 794 771 inorruv
818 704 1065 771 Mnuuscrupr.

242 884 342 968 Joh'e
365 886 407 950 de
431 885 563 961 Hilton,
587 885 717 950 Gilb'to
740 884 782 950 de
806 884 992 960 Mortimer,
1017 883 1103 969 Rog¹
1128 884 1170 949 de
1193 884 1351 968 Saynter,

242 989 386 1054 Emulio
406 990 448 1054 (16
468 990 572 1065 Disci,
594 990 667 1055 Ric.
691 990 938 1065 Inbreuiatore‚
959 989 1024 1054 Ad.
1046 990 1153 1073 Onty,
1175 994 1211 1053 et
1233 988 1352 1053 multis

241 1092 326 1158 aliis,

630 1261 717 1346 (100)
745 1262 801 1326 Dr
826 1279 963 1327 Eooeu.

329 1414 430 1480 Omn.
461 1416 493 1480 h.
524 1436 586 1480 scr.
617 1415 686 1480 vid.
714 1416 779 1480 vel.
806 1416 897 1491 aud,
923 1415 1081 1480 Susanna
1108 1435 1195 1479 vxor
1225 1415 1350 1481 Ketelli

241 1520 367 1583 sutoris
393 1520 435 1584 de
462 1520 599 1603 Ripon',
626 1520 784 1585 salutem.
832 1520 976 1585 Nouerit
1002 1519 1209 1585 uniuersitas
1234 1525 1351 1584 vestra

240 1644 295 1688 me
306 1623 373 1688 fide
384 1624 498 1688 media
508 1644 614 1700 conc„
627 1624 696 1708 qui.
709 1624 784 1698 cla,
798 1630 833 1688 et
843 1624 1011 1709 presentis
1022 1623 1139 1707 scripti
1152 1622 1350 1688 testimonio

239 1728 328 1792 coni.
352 1728 482 1813 Mag'ro
503 1728 542 1793 G.
564 1728 606 1792 de
628 1729 729 1793 Lard'
752 1728 880 1792 eteius
901 1728 1023 1813 assign.
1046 1728 1082 1792 in
1102 1747 1210 1811 perp,
1234 1733 1348 1792 totum

238 1824 291 1896 ius
313 1838 349 1896 et
377 1832 539 1897 clamium
567 1833 661 1917 quod
691 1854 845 1917 vnquam
877 1833 983 1898 habui
1014 1832 1068 1896 vel
1097 1832 1222 1897 habere
1250 1831 1349 1915 potui

237 1936 375 2001 nomine
391 1936 482 2001 dotis
498 1937 533 2001 in
550 1943 642 2002 terra
657 1937 715 2002 illa
730 1958 837 2022 quarn
856 1936 1010 2002 Ketellus
1026 1937 1079 2001 vir
1098 1956 1194 2000 meus
1217 1936 1247 1999 ei
1267 1956 1348 2000 ven-

237 2040 325 2104 didit
350 2062 409 2125 per
430 2061 633 2106 consensum
652 2062 779 2116 meum,
796 2062 902 2126 quam
919 2047 1046 2106 terram
1063 2040 1176 2105 dictus
1193 2040 1348 2105 Ketellus

237 2145 291 2209 vir
313 2166 410 2210 meus
434 2146 546 2213 tenuit
570 2146 612 2209 de
628 2145 753 2229 Joh'ne
770 2146 812 2210 de
830 2146 963 2211 Lanum
981 2145 1074 2229 apud
1091 2144 1233 2229 Speltre.
1282 2144 1348 2208 Pro

238 2249 302 2315 hac
322 2256 439 2314 autem
461 2249 512 2332 (32
533 2250 578 2326 v.)
600 2250 719 2334 quieta
742 2250 942 2325 clamancia,
963 2249 1076 2314 dictus
1096 2248 1135 2314 G.
1158 2249 1200 2313 de
1219 2249 1348 2314 Larder

237 2354 333 2418 dedit
345 2354 448 2419 michi
461 2354 650 2438 quamdam
663 2375 835 2419 summam
853 2354 995 2438 pecunie
1012 2354 1046 2418 in
1063 2374 1188 2439 magno
1205 2353 1347 2438 negocio

236 2479 322 2523 meo.
370 2458 425 2522 Ad
453 2457 617 2524 maiorem
645 2479 728 2523 vero
755 2458 857 2524 huius
885 2458 932 2522 rei
959 2458 1180 2522 securitatem
1209 2477 1346 2541 presens

235 2563 402 2647 scripturn
414 2563 475 2648 sig.
489 2583 534 2627 m.
550 2563 584 2627 in
601 2562 772 2647 pressione
789 2563 958 2628 roboraui.
1007 2563 1051 2627 H.
1066 2568 1091 2626 t.
1107 2563 1205 2647 Rog„
1219 2561 1344 2637 Will'0,

235 2674 270 2731 61
290 2667 433 2743 Math’o,
455 2667 658 2752 CapelianiS,
677 2667 751 2732 Ric.
771 2668 1019 2742 Inbreuiatore‚
1037 2667 1101 2731 Ad.
1120 2666 1215 2741 Outi,
1229 2665 1343 2731 Gilb'o

234 2772 276 2837 (16
297 2772 483 2849 Mortimer,
506 2772 651 2838 Emulio
671 2772 713 2838 de
733 2772 845 2848 Disce,
865 2772 949 2858 Rog.
968 2772 998 2836 16
1015 2772 1147 2856 Saynt',
1170 2777 1205 2836 et
1225 2771 1343 2837 multis

235 2877 319 2943 aliis,

621 3059 709 3138 (101)
737 3058 793 3122 Dr
818 3074 955 3122 rouen.

321 3214 422 3278 Vniv.
444 3214 503 3298 xpi
523 3213 680 3279 fidelibus
700 3213 744 3278 ad
764 3234 851 3297 quos
867 3233 917 3297 pr.
935 3232 997 3276 scr.
1019 3212 1223 3296 peruenerit,
1244 3212 1343 3295 Joh’s

234 3319 276 3383 de
297 3319 442 3394 Lanum,
463 3319 621 3384 salutem.
669 3318 721 3383 Sc.
743 3337 798 3382 me
819 3317 895 3382 ded.
918 3337 1012 3381 conc.
1035 3317 1123 3381 eth.
1146 3337 1178 3400 p.
1201 3337 1229 3381 c.
1252 3317 1340 3382 coni.

236 3422 371 3487 Ketello
393 3423 502 3487 sutori
528 3423 570 3486 de
596 3422 720 3506 Ripon’
746 3422 874 3486 ether.
900 3441 925 3485 s,
952 3421 1007 3484 vel
1032 3421 1104 3485 eius
1130 3421 1253 3506 assign.
1281 3441 1343 3505 pro

233 3527 393 3612 homagio
421 3533 455 3590 et
482 3547 569 3591 serv.
599 3547 671 3602 sue,
701 3532 814 3590 totam
841 3532 920 3591 terr.
950 3546 1056 3610 quam
1084 3545 1145 3611 ego
1173 3531 1273 3590 teneo
1301 3525 1343 3589 de

233 3631 356 3696 Nich’o
378 3631 420 3695 de
446 3631 580 3714 Hewyk
606 3631 641 3695 in
667 3630 840 3695 territorio
866 3630 908 3694 de
934 3629 1048 3713 Ripon
1073 3630 1173 3694 iuxta
1198 3629 1341 3714 Speltre‚

234 3735 371 3800 tenend.
390 3736 432 3800 de
449 3756 504 3799 me
521 3742 555 3799 61
572 3736 642 3799 her.
661 3756 706 3799 m.
725 3734 760 3799 in
777 3735 878 3799 feodo
895 3741 930 3798 et
946 3734 1149 3810 hereditate,
1167 3734 1200 3798 li.
1219 3740 1254 3798 et
1270 3734 1340 3818 qui.

235 3839 425 3905 Reddendo
446 3839 525 3904 inde
547 3839 650 3904 michi
672 3845 706 3904 ct
728 3841 797 3903 her.
820 3860 866 3904 rn.
890 3839 1071 3904 annuatim
1092 3838 1177 3922 vjd.,
1200 3859 1245 3903 sc.
1269 3838 1340 3925 iijd.

234 3945 279 4010 ad
297 3946 394 4009 Pent.
414 3950 448 4008 et
464 3943 536 4028 iijd.
555 3944 600 4009 ad
616 3945 639 4009 f.
658 3944 690 4008 S.
708 3944 753 4008 M.
771 3964 833 4028 pro
849 3964 940 4008 omn.
960 3963 1046 4008 serV.
1065 3963 1157 4008 cons.
1176 3949 1211 4007 61
1228 3963 1341 4008 exacc.

234 4056 270 4114 61
289 4049 333 4114 ab
351 4049 444 4113 omni
463 4069 497 4112 re
516 4049 561 4115 ad
577 4055 704 4114 terram
721 4049 924 4132 pertinente.
972 4049 1046 4133 Ego
1061 4048 1230 4132 siquidem
1247 4048 1340 4132 pred.

235 4154 353 4238 Joh'es
376 4160 411 4218 et
434 4154 503 4217 her.
529 4174 574 4217 m.
600 4153 901 4219 warantizabimus
932 4158 966 4216 et
997 4152 1220 4217 defendemus
1247 4153 1340 4236 pred.

235 4265 314 4324 terr.
333 4258 426 4342 pred.
448 4257 584 4322 Keteilo
602 4263 636 4322 et
655 4259 724 4322 her.
742 4278 768 4322 s.
786 4258 841 4321 vel
860 4257 931 4322 eius
948 4257 1070 4342 assign.
1088 4263 1210 4321 contra
1226 4278 1343 4322 omnes

235 4364 270 4428 in
291 4363 460 4427 omnibus.
509 4363 574 4427 Pro
594 4363 659 4428 hac
675 4368 792 4428 autem
809 4361 997 4427 donacione
1013 4361 1104 4425 idem
1126 4361 1225 4425 Ketel
1247 4361 1343 4426 dedit

236 4468 339 4533 michi
361 4467 396 4531 in
412 4466 579 4533 Gersuma
598 4466 632 4551 iij
655 4487 788 4532 marcas
808 4466 963 4552 argenti;
988 4472 1027 4529 vt
1048 4471 1165 4530 autem
1185 4467 1247 4530 hec
1266 4487 1344 4532 mea

238 4572 382 4638 donacio
406 4594 426 4636 a
448 4571 583 4636 nemine
605 4571 640 4635 in
663 4571 808 4656 posteris
825 4571 1039 4654 temporibus
1061 4571 1170 4655 possit
1192 4571 1341 4656 infringi,

238 4683 431 4763 presentem
454 4677 615 4761 paginam
638 4676 697 4761 sig.
722 4697 767 4740 m.
786 4675 1004 4759 apposicione
1027 4676 1196 4740 roboraui.
1246 4676 1289 4740 H.
1314 4682 1340 4741 t.

239 4781 368 4868 Mag’ro
388 4781 428 4846 A.
451 4781 493 4844 de
515 4780 681 4855 Richem'‚
703 4781 785 4844 d'no
805 4780 857 4844 W.
880 4780 922 4844 de
942 4780 1086 4856 orliens,
1103 4779 1144 4845 G.
1164 4781 1205 4844 de
1226 4780 1341 4856 Lard',
