3392 5650
362 714 424 778 144
646 694 724 758 Tur,
749 693 905 757 lxoiinr
930 693 1176 758 Maxuscmer.

159 874 331 988 Ᾱῑίῐῖηεξῡη
450 876 537 939 Item
572 875 666 959 quod
701 874 885 939 canonicus
920 875 1043 937 absens
1077 873 1111 937 in
1148 872 1295 958 negociis
1329 873 1468 952 ecclesie

164 955 334 1055 bu'ssslsffrto
360 980 537 1044 euidenter
563 986 596 1043 et
625 980 666 1043 de
693 999 860 1043 consensu
886 978 1028 1061 capituli
1055 984 1235 1043 censeatur
1260 976 1405 1042 residere
1431 984 1467 1041 et

181 1079 267 1149 count
280 1088 310 1122 ³⁵
362 1104 424 1167 pro
445 1084 614 1148 residente
633 1085 812 1148 habeatur.

170 1142 317 1188 resrelence.

177 1219 318 1333 intl'qqipa-
450 1227 538 1290 ltem
563 1226 656 1311 quod
680 1226 865 1291 canonicus
889 1225 1009 1289 domos
1033 1225 1204 1326 prebende
1228 1245 1287 1289 sue
1312 1225 1345 1289 in
1370 1230 1467 1290 statu

360 1352 430 1415 quo
465 1351 522 1394 eas
558 1331 688 1395 inuenit
725 1330 904 1403 sustineat,
942 1335 976 1392 et
1011 1328 1105 1413 quod
1137 1328 1181 1393 ad
1213 1328 1468 1413 reparacionem

360 1436 545 1500 earundem
559 1456 626 1500 non
642 1440 801 1498 teneatur
813 1440 891 1517 post
905 1442 1063 1506 mortem,
1078 1433 1140 1497 nisi
1155 1433 1199 1497 ad
1212 1434 1468 1517 reparacionem

360 1540 556 1604 defectuum
576 1540 828 1623 contigencium
848 1545 1002 1621 tempore
1021 1558 1094 1612 sue,
1115 1539 1179 1601 hoc
1198 1543 1353 1621 excepte,
1373 1537 1468 1622 quod

359 1644 386 1707 si
412 1665 516 1728 quam
544 1644 724 1727 pecuniam
751 1664 771 1707 a
797 1642 1031 1726 predecessore
1058 1641 1232 1726 receperit,
1259 1648 1294 1706 et
1320 1642 1347 1705 si
1373 1642 1468 1706 illam

360 1749 539 1831 pecuniam
569 1749 602 1811 in
632 1747 886 1830 reparacionem
915 1767 974 1810 seu
1003 1745 1257 1810 edificacionem
1286 1744 1468 1810 domorum

360 1852 530 1935 prebende
548 1873 616 1916 non
635 1852 834 1921 comitterit.
855 1851 948 1915 illam
967 1850 1146 1915 refundere
1165 1856 1333 1915 teneatur.

187 1993 301 2068 ΝΟΜ
449 1992 547 2066 Item,
566 1993 659 2076 quod
676 1992 820 2076 quilibet
837 1992 1022 2056 canonicus
1038 1991 1168 2056 soluere
1185 1996 1345 2056 teneatur
1360 2013 1467 2058 vnam

179 2061 312 2189 filiiflii?
359 2118 481 2180 capam
507 2096 695 2180 preciosam
720 2097 846 2160 valoris
872 2118 892 2160 x
919 2116 1021 2160 marc.
1049 2097 1084 2159 in
1110 2097 1184 2160 vita
1208 2117 1281 2168 sua,
1307 2096 1467 2180 quamsi

360 2222 428 2264 non
446 2201 584 2265 soluerit
604 2201 638 2264 in
657 2201 741 2271 vita,
761 2200 874 2265 soluat
893 2207 970 2283 post
990 2206 1136 2264 mortem
1155 2221 1177 2264 x
1196 2200 1228 2264 li.

155 2299 344 2362 Cope-money
748 2342 753 2353 ,
885 2343 890 2354 .
1035 2343 1040 2353 .
1441 2343 1447 2354 .

164 2369 195 2413 to
211 2366 325 2413 heusen
448 2342 547 2417 Item,
576 2342 669 2426 quod
697 2342 892 2407 huiusmodi
920 2363 1065 2426 pecunia
1092 2341 1256 2407 soluenda
1284 2363 1346 2426 pro
1372 2363 1467 2427 capis

145 2432 343 2547 ίῗρξξῐῑιζζξὶῖῗά
358 2447 458 2511 cedat
479 2448 512 2510 in
532 2468 632 2511 vsum
651 2467 814 2530 caparum
835 2452 869 2510 et
886 2447 1170 2510 vestimentorum
1187 2447 1324 2511 ecclesie
1340 2453 1466 2512 nostre.

157 2599 336 2649 Servicesfor
449 2590 536 2653 ltem
563 2590 657 2673 quod
683 2590 837 2674 quolibet
864 2610 979 2653 mense
1006 2610 1075 2652 vno
1101 2589 1165 2664 die,
1193 2610 1263 2673 quo
1289 2590 1467 2655 comodius

171 2667 318 2782 ntqenlqtan
359 2694 430 2757 fieri
443 2694 580 2777 poterit,
592 2694 678 2758 fiant
691 2695 882 2777 solempnes
894 2695 1036 2778 exequie
1050 2695 1084 2758 in
1097 2696 1200 2758 choro
1211 2715 1273 2778 pro
1285 2696 1467 2760 animabus

154 2802 248 2851 others
265 2814 333 2849 once
359 2799 554 2864 Athelstani
587 2799 689 2884 Regis
720 2805 753 2863 et
786 2800 929 2864 allorum
963 2799 1095 2884 Regum
1126 2805 1161 2863 et
1192 2799 1394 2883 Pontificum
1426 2821 1466 2866 ac

174 2884 190 2917 a
207 2869 313 2916 ¹¹¹⁰”th'
359 2905 600 2969 canonicorum
620 2909 653 2967 et
673 2905 932 2968 benefactorum
951 2904 1088 2968 ecclesie
1107 2910 1232 2968 nostre.

153 3050 246 3099 Clerks
260 3055 290 3097 to
304 3049 337 3096 be
448 3045 547 3117 Item,
576 3043 670 3127 quod
698 3043 807 3106 clerici
836 3049 870 3106 et
899 3043 955 3107 alii
983 3043 1131 3107 ministri
1158 3044 1295 3108 ecclesie
1323 3045 1466 3109 honeste

145 3120 345 3247 ffiffiftf
359 3169 393 3211 se
422 3154 543 3232 gerant
573 3168 651 3231 erga
681 3149 916 3230 parochianos,
948 3167 1010 3211 nec
1039 3148 1172 3232 aliquos
1201 3149 1346 3214 rithmos
1375 3171 1466 3215 com-

162 3252 217 3365 ἢὲἑῑ
214 3253 293 3380 1]Γᾶ
295 3254 328 3362 ΞΟ
359 3259 501 3335 ponant·
529 3251 583 3315 vel
621 3253 726 3315 verba
765 3252 945 3315 inhonesta
984 3258 1018 3315 et
1056 3253 1279 3335 opprobriosa
1316 3255 1466 3319 inferant

144 3385 232 3433 ribam
244 3396 343 3431 verses.
359 3356 533 3420 sutoribus
569 3355 623 3418 vel
660 3355 733 3418 aliis
770 3356 958 3419 artificibus
993 3355 1083 3431 ville,
1121 3362 1155 3420 et
1191 3357 1218 3419 si
1255 3359 1465 3424 contrarium

359 3462 585 3541 expellantur.

155 3632 223 3707 Nota
238 3630 267 3677 de
281 3644 336 3676 exe-
448 3622 547 3696 Item,
570 3620 663 3704 quod
683 3618 837 3703 quolibet
859 3640 950 3684 anno
970 3619 1024 3683 die
1048 3619 1169 3704 (blank)
1193 3622 1318 3686 mensis
1341 3622 1462 3707 (blank)

155 3713 287 3829 ffi'fjpe‘„
299 3702 326 3809 *J
359 3725 445 3788 fiant
466 3724 638 3810 generales
659 3730 692 3787 et
714 3724 905 3806 solempnes
926 3724 1068 3808 exequie
1089 3724 1285 3790 Athelstani
1307 3726 1409 3812 Regis
1430 3728 1465 3791 in

191 3837 213 3880 el
227 3821 299 3892 arijs.
359 3831 485 3914 quibus
526 3828 733 3893 conueniant
776 3828 820 3892 ad
862 3828 1038 3893 ecclesiam
1080 3849 1197 3892 omnes
1240 3830 1386 3915 fugitiui,
1430 3837 1465 3896 et

359 3934 580 4017 solempniter
600 3933 779 3997 classicum
801 3933 948 4016 pulsent,
972 3939 1006 3996 et
1029 3933 1063 3997 in
1085 3934 1189 3997 missa
1211 3933 1380 4010 offerant;
1405 3935 1464 4019 qui

359 4059 440 4102 vero
459 4039 581 4102 absens
600 4037 713 4101 soluat
733 4037 860 4101 fabrice
879 4037 963 4118 xijd.

154 4205 198 4253 No
212 4205 333 4267 rayman.
448 4193 547 4265 Item,
571 4190 665 4275 quod
688 4190 801 4255 nullus
824 4192 930 4255 laicus
953 4197 988 4255 et
1011 4192 1160 4255 maxime
1184 4192 1350 4277 fugitiuus
1373 4213 1465 4258 com-

155 4269 335 4398 ἐῗέξοῖἱὲῑῃγ
359 4297 509 4361 muniter
550 4316 645 4359 arma
687 4301 812 4380 portet,
856 4317 918 4360 nec
959 4302 1103 4379 reponat
1145 4296 1234 4361 infra
1276 4297 1463 4374 ecclesiam,

186 4419 260 4460 man,
276 4404 297 4451 is
359 4402 517 4465 videlicet
549 4401 725 4484 sparthis,²
752 4400 902 4475 baculos
931 4399 985 4465 vel
1013 4401 1158 4475 lanceas,
1190 4400 1285 4485 quod
1311 4401 1338 4465 si
1371 4402 1464 4478 fecit,

164 4471 323 4520 commonlv
505 4506 510 4517 .
756 4504 761 4515 ,
932 4505 937 4516 ,

190 4544 220 4587 to
234 4525 313 4586 near'
358 4507 483 4570 cedant
502 4526 537 4568 m
555 4526 656 4569 vsum
675 4505 803 4569 fabrice
822 4504 969 4568 ecclesie.

157 4619 286 4669 weapons
300 4617 331 4651 or
362 4647 458 4653 ,-

143 4673 220 4721 leave
229 4672 305 4720 them
315 4671 342 4717 ln
430 4693 435 4714 ¹
457 4688 479 4733 Α
493 4686 567 4733 word
582 4683 698 4746 illegible
712 4683 783 4730 here.

155 4740 203 4788 the
218 4738 328 4788 ellusch'
428 4784 438 4804 ²
457 4780 478 4825 Α
493 4777 589 4842 spartli
604 4791 659 4824 was
673 4790 690 4823 a
702 4774 768 4823 staff
781 4775 849 4822 with
863 4789 898 4822 an
913 4790 964 4823 axe
977 4775 1048 4823 head
1063 4775 1227 4838 (Ducange).
