3392 5650
636 718 731 783 Acrs
755 738 801 783 or
824 719 1003 784 CnAPrEn.
1315 716 1376 783 261

267 896 412 960 eandem
439 897 637 962 Cantariam
668 898 804 981 prefato
834 898 1017 964 Ordinario
1048 904 1222 982 presentet
1255 898 1380 963 admit-

264 1000 408 1065 tendum
444 1002 525 1076 lore,
562 1008 597 1065 et
632 1003 667 1067 in
701 1003 823 1067 eadem
858 1003 1021 1067 canonice
1056 1002 1310 1067 instituendum
1344 1010 1379 1067 et

264 1104 497 1170 inducendum
515 1107 604 1171 sicut
623 1106 818 1191 predictum
837 1114 900 1182 est,
920 1107 1019 1171 saluo
1037 1127 1171 1192 semper
1188 1107 1287 1171 nobis
1306 1108 1375 1171 her.

262 1214 296 1272 et
312 1210 436 1294 assign.
452 1211 534 1280 n'ris
549 1212 583 1275 in
598 1211 666 1276 alia
679 1232 899 1296 quacumque
914 1211 1004 1276 dicte
1019 1212 1179 1276 Cantarie
1193 1211 1377 1276 vacacione
1392 1197 1594 1329 rfg'qffiflffie

263 1312 335 1376 iure
350 1314 425 1378 n'ro
440 1314 524 1378 alias
539 1315 761 1398 presentandi
778 1315 823 1380 ad
838 1315 983 1380 eandem
998 1316 1088 1380 inira
1102 1337 1210 1380 vnum
1226 1335 1377 1379 mensem
1400 1336 1514 1395 patrous
1527 1330 1584 1379 and

265 1423 343 1500 post
364 1418 556 1502 quamlibet
577 1418 681 1483 aliam
702 1419 808 1484 eiusd.
832 1419 931 1484 Cant.
954 1420 1186 1496 venacionem,
1209 1441 1249 1484 ac
1269 1419 1377 1483 eciam
1390 1398 1593 1514 Οὲῑῗξξζξξᾟζθ

265 1522 362 1585 saluo
390 1522 474 1605 pref.
505 1544 648 1606 persone
676 1523 770 1607 pred.
801 1523 881 1588 eccl.
912 1524 954 1588 de
983 1524 1088 1589 Wath
1116 1524 1176 1609 qui
1205 1544 1266 1607 pro
1295 1530 1376 1589 tem.
1392 1532 1485 1580 future
1506 1545 1592 1579 cases.

266 1625 369 1689 luerit
393 1626 465 1690 iure
489 1648 552 1691 suo
576 1627 661 1691 alias
686 1627 907 1712 presentandi
932 1629 977 1691 ad
1001 1628 1146 1692 eandem
1169 1628 1259 1692 inira
1282 1627 1376 1711 pred.

264 1736 343 1794 octo
364 1730 436 1794 dies
457 1731 522 1795 sibi
543 1737 583 1795 vt
605 1732 800 1815 predictum
822 1739 874 1796 est
895 1732 1065 1797 limitatos
1087 1732 1191 1797 modo
1212 1738 1247 1796 et
1269 1733 1380 1797 forma

265 1835 422 1918 superius
440 1835 633 1901 declaratis.

350 2002 397 2065 Et
421 2002 448 2065 si
473 2001 565 2066 idem
590 2002 791 2086 Capitulum
819 2002 899 2067 eccl.
926 2002 1009 2067 Coll.
1035 2002 1129 2085 pred.
1156 2002 1378 2086 Capellanum
1400 2002 1425 2050 If
1438 2000 1486 2049 the
1496 2000 1585 2076 cnap-

264 2105 440 2189 ydoneum
474 2106 517 2170 ad
551 2106 689 2172 Cantar.
726 2108 819 2190 pred.
856 2107 945 2171 infra
978 2107 1150 2190 predictos
1182 2106 1379 2191 quindecim
1392 2067 1519 2198 ζὲἑιὲἑῗ
1521 2080 1594 2181 ffi

265 2210 338 2274 dies
375 2210 485 2275 eidem
523 2211 683 2295 Capitulo
719 2212 888 2276 limitatos
925 2233 994 2276 non
1032 2212 1282 2295 presentauerit
1319 2232 1379 2276 seu
1402 2200 1586 2315 tufephapter

266 2322 462 2398 presentare
509 2315 708 2400 neglexerit,
758 2322 842 2381 tunc
890 2315 1050 2381 volumus
1098 2316 1298 2380 ordinamus
1345 2321 1380 2379 et
1411 2271 1579 2397 opreiintlo

265 2418 484 2484 concedimus
508 2440 569 2503 per
592 2426 767 2503 presentes
791 2419 886 2504 quod
912 2419 968 2484 Ca.
995 2420 1074 2483 eccl.
1102 2419 1200 2484 Cath.
1227 2421 1260 2484 b.
1287 2419 1381 2483 Petri

266 2523 369 2586 Ebor.
403 2522 461 2587 illa
492 2523 566 2587 vice
598 2530 633 2587 et
664 2524 724 2588 illa
756 2523 943 2588 vacacione
975 2523 1065 2587 inira
1096 2523 1279 2588 duodecim
1311 2522 1384 2587 dies

266 2626 437 2709 predictos
459 2627 657 2711 quindecim
676 2628 772 2692 dies1
794 2627 930 2711 prelato
953 2626 1010 2691 Ca.
1029 2626 1108 2691 eccl.
1128 2626 1210 2691 Coll.
1229 2626 1323 2710 pred.
1347 2627 1382 2691 in

266 2730 378 2795 forma
418 2731 574 2814 predicta
612 2732 781 2796 limitatos
822 2731 1022 2795 immediate
1059 2751 1155 2814 prox.
1189 2737 1381 2815 sequentes,

266 2835 491 2919 Capellanum
522 2837 698 2920 ydoneum
730 2837 774 2901 ad
806 2836 905 2901 Cant.
934 2835 1027 2919 pred.
1056 2842 1242 2929 presentet¹
1259 2836 1384 2900 admit-

269 2940 413 3005 tendum
434 2941 505 3005 fore
527 2948 561 3005 et
582 2941 617 3006 in
634 2941 755 3005 eadem
772 2941 935 3005 Cantaria
952 2941 1114 3004 canonice
1131 2939 1384 3005 instituendum

269 3050 304 3108 et
328 3044 561 3110 inducendum
585 3046 675 3109 sicut
700 3045 894 3128 predictum
918 3050 982 3119 est,
1008 3043 1104 3108 saluo
1128 3064 1262 3127 semper
1285 3044 1383 3108 nobis
1396 3031 1496 3094 saving
1509 3029 1597 3094 ‘³3¹¹ss

270 3150 339 3213 her.
370 3156 405 3214 et
434 3150 557 3235 assign.
588 3150 670 3214 n'ris
698 3150 733 3214 in
762 3150 829 3214 alia
857 3169 1076 3234 quacumque
1105 3148 1196 3213 dicte
1224 3148 1383 3213 Cantarie
1397 3097 1597 3227 {callidii}-

270 3254 454 3319 vacacione
477 3254 548 3319 iure
570 3260 688 3318 nostro
710 3254 794 3318 alias
816 3253 1038 3338 presentandi
1061 3253 1105 3317 ad
1127 3253 1272 3317 eandem
1294 3253 1383 3316 infra
1397 3231 1481 3280 *⁶¹⁰¹
1494 3230 1596 3294 R¹P⁰¹¹·

269 3380 378 3423 vnum
405 3380 557 3423 mensem
584 3365 663 3443 post
690 3357 883 3443 quamlibet
910 3358 1015 3422 aliam
1043 3357 1195 3421 eiusdem
1223 3356 1383 3421 Cantane

269 3464 500 3539 vacacionem‚
519 3485 560 3541 ac
576 3464 672 3528 saluo
689 3464 825 3547 prelato
842 3482 986 3546 persone
1003 3461 1097 3544 pred.
1117 3461 1196 3526 eccl.
1216 3461 1259 3525 de
1276 3461 1382 3525 Wath

268 3567 327 3652 qui
347 3588 409 3650 pro
429 3574 509 3633 tem.
532 3568 635 3632 luerit
654 3569 725 3632 iure
745 3589 807 3632 suo
827 3567 912 3631 alias
931 3565 1152 3650 presentandi
1173 3565 1218 3630 ad
1238 3564 1382 3629 eandem

268 3670 357 3734 infra
376 3671 547 3754 predictos
567 3677 645 3761 octo
664 3671 736 3735 dies
755 3671 911 3754 superius
930 3671 995 3734 sibi
1014 3670 1193 3744 limitatos,
1214 3690 1254 3733 ac
1273 3668 1382 3733 eciam

267 3774 364 3839 saluo
382 3775 465 3858 pref.
486 3775 543 3839 Ca.
563 3775 642 3859 eccl.
662 3774 736 3840 coll.
756 3774 953 3858 supradicte
972 3775 1043 3839 iure
1061 3795 1124 3838 suo
1142 3773 1228 3837 alias
1247 3793 1382 3856 presen-

267 3879 365 3943 tandi
390 3879 435 3943 ad
460 3879 605 3943 eandem
630 3879 719 3943 inira
743 3879 837 3962 pred.
864 3878 1062 3962 quindecim
1087 3878 1159 3942 dies
1184 3877 1296 3941 eidem
1321 3876 1379 3942 Ca.

267 3982 346 4048 eccl.
374 3983 449 4048 coll.
477 3982 674 4067 supradicte
699 3982 855 4066 superius
878 3983 1056 4056 limitatus
1082 3982 1186 4046 modo
1209 3987 1244 4045 et
1270 3981 1381 4045 forma

266 4087 422 4171 superius
434 4088 649 4171 expressatis
697 4088 744 4150 Et
756 4076 784 4151 si
796 4086 889 4170 pred.
904 4086 960 4150 Ca.
975 4086 1054 4150 eccl.
1069 4085 1169 4150 Cath.
1183 4084 1380 4169 supradicte
1395 4075 1492 4191 {etth}
1505 4076 1584 4193 3¹21ss

266 4191 356 4256 inlra
390 4192 562 4275 predictos
597 4191 778 4256 duodecim
813 4191 885 4255 dies
920 4190 1031 4254 eidem
1066 4190 1123 4255 Ca.
1163 4190 1241 4254 eccl.
1279 4189 1377 4254 Cath.
1405 4158 1584 4272 neglicelle

265 4296 462 4379 supradicte
491 4297 647 4380 superius
676 4295 844 4359 limitatos
875 4295 1100 4378 Capellanum
1130 4294 1305 4377 ydoneum
1335 4294 1380 4358 ad
1393 4275 1598 4392 mgfflfssfrytiffem

265 4400 403 4465 Cantar.
434 4400 625 4484 predictam
654 4400 789 4483 prefato
818 4399 1001 4465 Ordinatio
1030 4420 1099 4463 non
1128 4398 1379 4481 presentauerit
1400 4409 1586 4473 chentryand

266 4525 325 4569 seu
355 4511 551 4589 presentare
580 4504 778 4589 neglexerit,
810 4510 894 4568 tunc
924 4504 992 4568 vol.
1025 4502 1097 4568 ord.
1130 4509 1164 4567 et
1194 4523 1288 4567 conc.
1321 4522 1380 4585 per
1412 4477 1529 4538 proceni
1548 4483 1578 4526 to

1407 4542 1578 4602 institution,

266 4615 440 4692 presentes
462 4608 556 4693 quod
578 4609 644 4673 loci
665 4608 754 4674 illius
773 4608 976 4674 Ordinarius
998 4607 1059 4692 qui
1079 4627 1141 4691 pro
1154 4611 1242 4671 tem.
1265 4606 1379 4682 luerit,

341 4813 347 4834 ¹
368 4810 475 4874 Supply
489 4810 553 4858 here
568 4810 754 4858 “immediate
767 4809 894 4873 proxime
904 4813 1052 4872 sequentes
1062 4808 1076 4827 '¹
1093 4807 1164 4856 from
1176 4808 1223 4856 the
1235 4811 1303 4855 next
1316 4807 1378 4855 line.
