3392 5650
617 701 711 767 Acrs
735 719 780 767 or
803 701 982 768 Cunerum
1292 717 1353 785 195

247 881 289 944 de
312 882 457 957 Norton,
482 881 646 966 Capitalis
668 881 856 965 Justiciarij
883 881 924 945 de
947 882 1120 946 communi
1144 883 1260 947 Banco
1283 882 1355 947 d'ni

246 985 310 1049 n'ri
337 986 439 1070 Regis
464 985 575 1070 Angl,
603 985 817 1069 fratrumque
846 986 921 1069 (et)1
948 1006 1102 1050 sororum
1128 986 1354 1052 fraternitatis
1404 996 1486 1073 Guild
1500 998 1529 1075 or

247 1090 340 1153 beati
366 1089 513 1154 Wilfridi
538 1090 573 1153 in
600 1089 678 1154 eccl.
707 1089 788 1153 Coll.
817 1090 941 1173 Ripon'
969 1090 1123 1173 predicta
1149 1091 1293 1155 fundate
1318 1097 1353 1155 et
1380 1064 1419 1111 St.
1435 1064 1552 1114 ΜΝ·

247 1193 403 1257 ordinate
422 1194 466 1257 ad
484 1194 603 1257 Altare
622 1193 687 1258 S'ci
706 1194 836 1257 Thome
856 1193 1004 1257 Martiris
1022 1194 1057 1258 in
1076 1194 1195 1259 eadem
1214 1196 1354 1260 ecclesia

246 1296 329 1362 dum
355 1298 541 1362 vixerimus
567 1304 601 1362 et
626 1297 787 1372 vixerint,
815 1300 856 1361 et*
875 1318 937 1381 pro
963 1298 1143 1363 animabus
1168 1300 1293 1364 nostris
1319 1305 1353 1363 et

245 1402 314 1465 suis
340 1422 418 1466 cum
445 1402 489 1465 ab
515 1402 580 1465 hac
606 1402 680 1466 luce
706 1401 966 1486 migrauerimus
992 1407 1026 1465 et
1053 1402 1285 1487 migrauerint,
1313 1424 1353 1467 ac

245 1506 352 1569 eciam
392 1506 572 1569 animabus
610 1512 807 1570 nostrorum
841 1511 876 1569 et
914 1526 1054 1570 suorum
1089 1513 1352 1583 antecessorum,

245 1630 377 1674 necnon
406 1611 587 1674 animabus
617 1609 773 1674 Caterine
802 1609 979 1693 quondam
1008 1610 1124 1674 vxoris
1153 1610 1235 1675 dicti
1266 1611 1352 1675 Ric'i

246 1714 380 1778 Norton
413 1720 448 1777 et
480 1713 627 1777 filiorum
660 1734 700 1777 ac
731 1720 915 1797 parentum
948 1734 1097 1789 suorum,
1131 1715 1353 1799 omniumque

246 1817 390 1881 aliorum
416 1817 567 1882 fidelium
593 1816 835 1881 defunctorum
861 1815 1056 1892 fundamus
1084 1818 1291 1893 ordinamus,
1318 1824 1352 1890 et

245 1941 410 1997 creamus
429 1942 491 2004 pro
508 1927 675 2004 perpetuo
692 1927 727 1984 et
744 1921 1009 2003 imperpetuum,
1028 1942 1134 1985 vnam
1150 1929 1353 2006 perpetuam

246 2026 437 2089 cantariam
467 2026 569 2089 vuius
599 2025 756 2109 perpetui
787 2025 913 2107 ydonei
944 2024 1117 2108 Capeliani
1148 2032 1183 2090 et
1213 2047 1382 2091 suorum·

245 2150 476 2193 successorum
504 2129 595 2193 dicte
623 2129 776 2193 cantarie
804 2128 1039 2212 Capelleorum
1070 2129 1141 2213 (sic)
1173 2130 1216 2195 ad
1245 2131 1352 2195 altare

245 2233 311 2298 S'ci
336 2233 466 2297 Thome
489 2233 631 2316 predict.
658 2234 693 2297 in
718 2232 858 2297 ecclesia
880 2232 1024 2317 Collegie
1048 2234 1118 2318 (sic)
1141 2235 1283 2319 predict.
1309 2235 1353 2299 ad

245 2338 408 2401 honorem
428 2338 494 2402 S’ci
514 2338 661 2402 Wilfridi
681 2342 919 2402 constructum
939 2337 1057 2402 diuina
1077 2338 1187 2403 officia
1206 2339 1352 2403 celebra·

246 2448 401 2506 turorum
417 2442 520 2506 modo
537 2448 571 2505 et
589 2441 700 2506 forma
716 2441 751 2505 in
767 2440 983 2517 fundacione,
1002 2442 1229 2518 ordinacione,
1248 2442 1352 2507 dona-

245 2546 351 2621 cione,
368 2546 595 2621 concessione,
613 2551 649 2609 et
667 2545 869 2628 subscriptis
888 2546 1104 2628 expressatis,
1122 2546 1164 2609 de
1184 2547 1353 2629 spirituali

244 2650 384 2714 licencia
407 2650 680 2714 excellentissimi
704 2649 739 2713 in
763 2670 832 2731 xpo
855 2648 1018 2733 principis
1041 2656 1075 2713 et
1099 2650 1170 2714 d'ni
1194 2650 1258 2714 n'ri
1281 2651 1352 2715 d'ni

245 2754 383 2818 Henrici
410 2774 519 2838 nuper
545 2753 647 2839 Regis
673 2752 771 2838 Angl.
800 2758 834 2816 et
862 2752 1004 2817 Francie
1030 2760 1064 2817 et
1091 2754 1162 2817 d’ni
1189 2754 1352 2818 Hibemie
1388 2761 1485 2824 Henry
1500 2760 1546 2809 IV·

244 2859 359 2943 quarti
385 2865 464 2943 post
491 2864 718 2942 conquestum
745 2878 836 2922 anno
863 2858 956 2942 regni
982 2859 1034 2922 sui
1061 2857 1263 2923 duodecimo
1289 2880 1351 2943 pro

243 2964 318 3047 ipsa
346 2963 501 3027 cantaria
530 2963 565 3026 in
594 2983 634 3026 ea
663 2968 761 3047 parte
790 2968 935 3045 optenta
964 2969 999 3026 et
1028 2962 1224 3047 impetrata,
1254 2963 1351 3028 cuius

243 3068 380 3132 licencie
402 3074 501 3131 tenor
521 3067 677 3150 sequitur
697 3067 732 3130 in
753 3067 815 3129 hec
836 3066 962 3130 verba:

1431 2955 1503 3001 1410.

331 3197 510 3272 HenricuS,
536 3196 599 3260 Dei
623 3195 737 3281 gracia
761 3215 819 3258 rex
844 3193 965 3279 Anglie
989 3201 1025 3259 et
1049 3196 1190 3260 Francie
1214 3202 1248 3260 et
1273 3196 1349 3261 d'ns
1418 3210 1508 3286 noyal

243 3301 407 3365 Hibemie
429 3301 588 3365 omnibus
611 3299 656 3364 ad
678 3320 765 3384 quos
787 3298 901 3363 littere
923 3305 1097 3382 presentes
1119 3302 1347 3384 pemenerint,
1398 3275 1521 3392 &ectenlcg

242 3405 399 3470 salutem.
447 3405 541 3469 Licet
577 3404 619 3468 de
653 3404 791 3469 comuni
825 3403 968 3468 concilio
1002 3404 1095 3489 regni
1130 3405 1194 3468 n'ri
1228 3405 1349 3490 Anglie

242 3515 416 3573 statutum
446 3509 491 3572 sit
521 3508 615 3594 quod
646 3529 716 3573 non
745 3508 846 3571 liceat
878 3507 960 3571 viris
991 3508 1152 3592 religiosis
1182 3529 1242 3573 seu
1273 3510 1350 3593 alijs
1394 3509 1533 3586 Noewith-

242 3613 371 3697 ingredi
400 3613 539 3677 feodum
566 3612 709 3677 alicuius
735 3612 785 3676 ita
812 3610 907 3695 quod
934 3610 979 3675 ad
1006 3632 1148 3676 manum
1175 3619 1350 3703 mortuam
1363 3577 1496 3692 stffli}
1509 3577 1564 3692 {pe

242 3717 414 3792 deueniat,
442 3717 514 3780 sine
541 3716 681 3780 licencia
707 3714 782 3779 n’ra
808 3721 843 3779 et
871 3714 1028 3798 capitalis
1055 3714 1184 3779 domini
1212 3717 1254 3780 de
1280 3738 1350 3802 quo
1382 3710 1541 3766 mortmain,

242 3829 298 3884 res
325 3821 384 3884 illa
415 3820 649 3884 immedietate
682 3825 829 3894 tenetur,
863 3818 906 3882 de
937 3819 1051 3904 gracia
1083 3826 1200 3884 tamen
1232 3827 1350 3885 nostra
1363 3838 1392 3886 of
1402 3853 1452 3887 our
1461 3839 1563 3902 special

241 3925 379 4008 speciali
407 3931 441 3989 et
469 3945 531 4009 pro
558 3923 680 4008 viginti
709 3923 831 3987 marcis
858 3943 945 4006 quas
973 3923 1135 4007 Magister
1162 3923 1350 3989 Willelmus
1364 3905 1564 4021 grpgffizsfor

242 4029 284 4092 de
299 4028 434 4105 Cawod,
451 4029 642 4092 Canonicus
657 4028 736 4092 eccl.
754 4027 835 4091 Coll.
853 4025 895 4089 de
911 4026 1036 4111 Ripon,
1052 4026 1170 4109 Joh'es
1185 4026 1228 4091 de
1243 4028 1349 4105 Dene,
1532 4014 1537 4030 ¹

241 4132 432 4197 Canonicus
468 4132 619 4196 eiusdem
657 4131 793 4195 ecclesie
833 4132 938 4218 (70v,)
979 4131 1129 4195 Thomas
1167 4131 1370 4219 Balderby,

241 4237 359 4319 Joh’es
400 4236 584 4312 Chaumbr,
626 4235 798 4299 Walterus
839 4235 992 4311 HalifaX,
1035 4235 1204 4300 Will'mus
1245 4236 1348 4311 Lane‚

241 4340 349 4406 Will's
375 4341 493 4406 Water
518 4340 612 4423 Jun’,
640 4346 674 4403 et
701 4339 818 4422 Joh'es
845 4341 963 4405 Maver
987 4339 1086 4403 nobis
1111 4340 1287 4405 soluerunt
1314 4341 1349 4406 in
1399 4376 1439 4409 we
1452 4362 1524 4411 have

240 4445 427 4530 hanaperio
451 4451 579 4519 nostre,
605 4443 833 4508 concessimus
853 4450 887 4508 et
908 4443 1085 4507 licenciam
1105 4443 1262 4509 dedimus
1286 4466 1348 4529 pro
1369 4429 1557 4544 grzlaessgendcghis

240 4550 339 4613 nobis
360 4555 394 4613 et
416 4549 597 4613 heredibus
618 4548 743 4613 nostris
763 4555 936 4631 quantum
957 4548 992 4611 in
1013 4548 1111 4611 nobis
1132 4554 1184 4612 est
1204 4549 1348 4633 prefatis

240 4653 363 4729 Will'0,
391 4653 495 4736 Joh'i,
522 4653 663 4727 Thome,
690 4652 794 4735 Joh’i,
821 4652 984 4728 Walter0,
1012 4651 1135 4729 Will'0,
1163 4652 1286 4729 Will’0,
1313 4661 1347 4719 et

311 4795 318 4817 ¹
338 4755 507 4858 notin-iis.
