3392 5650
628 710 722 775 Acrs
745 727 792 774 or
814 709 994 776 CHAPTER.
1302 725 1366 794 207
1437 731 1440 735 ’

257 910 317 973 per
335 889 607 954 commissarium
626 896 782 954 nostrum
802 889 846 953 ad
865 891 930 953 hoc
948 889 1140 973 specialiter
1158 889 1366 973 deputatum

258 993 371 1057 induci
390 993 532 1057 fecimus
548 1014 610 1057 suo
627 999 794 1077 perpetuo
811 992 1003 1077 optinend.¹
1019 993 1069 1057 ita
1085 993 1179 1078 quod
1195 993 1366 1057 deseruiat

258 1105 332 1162 tam
367 1098 402 1161 in
438 1098 539 1161 altari
575 1097 727 1181 predicte
762 1098 914 1161 cantarie
950 1119 1055 1181 quarn
1091 1099 1194 1162 choro
1229 1097 1366 1161 ecclesie

259 1202 410 1286 predicte
439 1201 628 1266 secundum
657 1202 803 1266 formam
832 1201 1059 1266 ordinacionis
1087 1202 1159 1265 siue
1187 1207 1366 1266 aumenta-

258 1306 364 1370 cionis
408 1306 560 1370 cantarie
604 1305 765 1389 predicte.
814 1306 855 1368 In
900 1306 995 1369 cuius
1039 1305 1086 1369 rei
1130 1306 1366 1369 testimonium

258 1410 406 1495 sigillum
439 1415 596 1474 nostrum
630 1409 845 1494 presentibus
880 1416 930 1473 est
966 1430 1166 1494 appensum.
1214 1410 1295 1474 Dat.
1331 1409 1366 1473 in

258 1514 361 1578 domo
397 1519 515 1578 nostra
552 1512 740 1597 Capitulari
778 1514 915 1597 Ripon',
953 1514 1114 1578 vicesimo
1150 1519 1275 1598 quarto
1311 1513 1366 1577 die

258 1618 383 1683 mensis
413 1618 603 1702 Septembr.
634 1618 735 1681 Anno
766 1617 846 1681 D’ni
878 1605 1019 1682 Mill'mo
1050 1627 1164 1682 ccccm⁰
1195 1617 1366 1682 tricesimo

259 1723 375 1788 tercio.

258 1909 299 1978 73
312 1918 343 1962 v.
386 1901 473 1984 (294)
500 1900 707 1979 (Admission
728 1906 765 1964 to
786 1922 806 1964 a
827 1899 986 1983 Canonry
1006 1900 1074 1964 and
1096 1900 1275 1981 Prebend).

346 2066 544 2150 Capitulum
560 2067 639 2131 cccl.
658 2068 731 2131 coll.
751 2067 843 2131 beati
861 2067 968 2131 Wilfr.
989 2067 1066 2151 Rip.
1085 2067 1276 2131 honorabili
1291 2067 1366 2130 viro

259 2171 423 2255 magistro
446 2171 575 2235 Simoni
598 2170 717 2245 Alcok,
740 2191 834 2235 sacre
857 2171 980 2256 pagine
1003 2171 1194 2255 professori,
1219 2170 1365 2235 salutem

258 2275 293 2338 in
312 2275 450 2339 sinceris
467 2275 683 2359 amplexibus
703 2274 901 2340 Saluatoris.
949 2276 1003 2339 Ad
1023 2276 1265 2340 canonicatum
1285 2275 1363 2339 eccl.

258 2385 373 2443 nostre
388 2379 513 2462 Ripon’
529 2385 563 2442 et
578 2379 622 2443 ad
636 2379 846 2462 prebendam
861 2380 903 2443 de
918 2380 1184 2465 Staynewygges
1198 2379 1232 2443 in
1246 2378 1366 2443 eadem

258 2504 318 2566 per
339 2489 487 2547 mortem
509 2483 580 2547 d’ni
604 2483 714 2566 Joh'is
737 2484 832 2547 Dene
855 2484 968 2548 vltimi
990 2485 1144 2548 canonici
1167 2490 1202 2547 et
1224 2485 1366 2567 preben-

258 2586 343 2670 darij
368 2586 553 2651 eorundem
573 2593 748 2663 vacantes
770 2594 804 2652 et
825 2588 890 2651 sibi
911 2608 971 2671 per
990 2587 1309 2652 reuerendissimum
1330 2588 1365 2651 in

258 2712 327 2775 xpo
354 2697 489 2775 patrem
516 2697 550 2755 et
577 2692 673 2755 d'nm
700 2692 879 2756 dominum
906 2691 1043 2774 Joh’em
1070 2691 1132 2755 Dei
1160 2711 1230 2776 gra.
1260 2692 1362 2756 Ebor.
1379 2699 1578 2761 Aanempe·

258 2796 455 2880 archiep’m
478 2795 599 2881 Anglie
621 2795 815 2879 primatem,
838 2802 874 2860 et
896 2796 1081 2881 apostolice
1103 2796 1191 2860 sedis
1212 2796 1364 2881 legatum

258 2899 411 2976 collatos,
447 2907 481 2964 te
515 2900 549 2963 in
583 2920 764 2983 personam
799 2901 953 2984 Magistri
987 2900 1156 2983 Johannis
1190 2900 1364 2974 Marchall,

258 3004 379 3080 clerici,
408 3005 638 3088 procuratoris
669 3005 721 3068 tui
752 3004 977 3069 sufficientem
1005 3026 1026 3068 a
1054 3010 1089 3068 te
1115 3005 1151 3069 in
1177 3005 1241 3068 hac
1267 3010 1365 3087 parte

258 3114 469 3192 potestatem
504 3108 674 3183 habentis,
711 3108 939 3184 admittimus,
972 3114 1075 3193 teque
1107 3108 1205 3175 dicte¹
1229 3108 1365 3173 ecclesie

257 3213 434 3299 collegiate
460 3213 641 3297 recipimus
666 3213 701 3276 in
727 3213 931 3277 canonicum
957 3218 991 3276 et
1017 3213 1235 3282 confratrem.
1262 3213 1365 3298 assig-

258 3324 381 3382 nantes
401 3318 465 3381 tibi
485 3339 525 3382 ac
545 3317 638 3382 dicto
659 3317 872 3401 procuratori
893 3324 954 3381 tuo
974 3323 1036 3382 tuo
1056 3317 1203 3392 nomine,
1225 3318 1365 3382 stallum

257 3422 292 3486 in
320 3423 424 3487 choro
455 3428 489 3486 et
520 3422 633 3487 locum
663 3421 698 3485 in
726 3421 878 3505 capitulo
909 3421 1000 3486 dicte
1026 3421 1163 3486 ecclesie
1189 3421 1365 3506 collegiate

258 3526 358 3589 dictis
385 3526 603 3590 canonicatui
630 3532 665 3589 et
691 3526 864 3610 prebende
891 3527 935 3589 ab
962 3526 1107 3610 antiquo
1133 3526 1364 3608 pertinentia;

258 3630 472 3694 decernimus
495 3630 602 3694 eciam
626 3635 661 3693 te
684 3637 719 3694 et
743 3631 877 3695 dictum
899 3636 1156 3714 procuratorem
1180 3636 1281 3693 tuum
1304 3636 1366 3694 tuo

259 3733 396 3796 nomine
419 3733 686 3816 incorporalem
709 3735 958 3817 possessionem
980 3734 1071 3798 dicte
1094 3733 1265 3817 prebende
1287 3755 1366 3799 cum

259 3836 328 3901 suis
348 3836 478 3900 iuribus
497 3842 531 3900 et
551 3837 771 3920 pertinenciis
790 3838 957 3902 vniuersis
977 3858 1037 3922 per
1056 3837 1152 3901 d’nm
1171 3837 1367 3920 Johannem

260 3941 465 4005 Schirbume
491 3940 723 4004 Camerarium
750 3941 887 4005 ecclesie
913 3942 1091 4027 collegiate
1117 3941 1268 4024 predicte
1295 3942 1366 4006 tore

259 4044 441 4109 actualiter
466 4043 660 4119 inducend.,
688 4030 841 4126 Juribus,
867 4045 1095 4121 libertatibus,
1124 4051 1159 4108 et
1186 4052 1366 4110 consuetu-

258 4149 396 4213 dinibus
425 4149 550 4213 nostris
581 4153 615 4211 et
645 4148 724 4212 eccl.
755 4148 932 4233 collegiate
961 4149 1113 4232 predicte
1143 4149 1178 4213 in
1208 4149 1367 4213 omnibus

258 4273 392 4336 semper
405 4252 518 4317 saluis
567 4252 608 4315 ln
623 4252 719 4317 cuius
734 4251 781 4315 rei
796 4253 1033 4318 testimonium
1047 4253 1195 4338 sigillum
1209 4260 1366 4318 nostrum

258 4357 473 4441 presentibus
500 4362 552 4420 est
579 4376 780 4440 appensum.
828 4357 909 4422 Dat.
938 4356 973 4421 in
1000 4357 1104 4421 domo
1130 4363 1249 4421 nostra
1274 4359 1366 4442 capi-

259 4461 362 4525 tulari
374 4460 403 4543 ]’0
413 4460 467 4525 die
480 4460 605 4524 mensis
621 4459 718 4543 Julij,
730 4461 831 4524 Anno
845 4460 927 4524 D’ni
940 4461 1058 4524 Mill'io
1068 4471 1182 4526 ccccm⁰
1196 4461 1367 4526 tricesimo

260 4566 394 4650 quinto,

329 4792 336 4814 ¹
357 4786 520 4853 Something
533 4790 609 4834 must
622 4786 694 4835 bave
707 4787 777 4837 been
791 4788 911 4837 omitted
925 4787 997 4837 here.
