3392 5650
339 706 402 772 27²
624 690 702 755 Tne
728 690 885 754 luonev
909 690 1156 756 Manuscruer.

337 869 524 944 fundande,
551 891 629 934 curn
655 870 817 934 Cantaria
842 869 900 933 illa
925 870 1082 946 fundata,
1109 877 1232 946 erecta,
1258 877 1385 947 creata,
1411 877 1448 936 et
1548 953 1552 962 .

337 975 492 1038 stabilita
514 976 627 1049 fuerit,
649 980 683 1038 et
705 995 913 1039 successores
935 977 997 1057 (94)
1020 976 1072 1039 sui
1092 976 1266 1060 Capellani
1286 977 1448 1042 Cantarie

338 1078 426 1143 illius
455 1079 628 1163 Capellani
658 1080 816 1143 Cantarie
846 1075 1015 1162 Johannis
1045 1081 1188 1145 Sendale
1217 1082 1251 1146 in
1282 1082 1372 1147 Eccl.
1404 1081 1448 1146 de

338 1184 463 1266 Ripon'
501 1185 755 1268 imperpetuum
791 1190 1044 1267 nuncupentur,
1083 1190 1117 1248 et
1154 1205 1214 1268 per
1250 1186 1448 1250 huiusmodi

337 1309 461 1352 nomen
489 1290 522 1352 in
550 1296 583 1353 et
611 1309 672 1372 pro
699 1290 859 1353 omnibus
885 1290 1076 1353 cantariam
1103 1289 1196 1354 illam
1223 1291 1447 1375 tangentibus

337 1393 501 1476 placitare
528 1400 562 1457 et
589 1394 808 1477 implicitari,
824 1394 1027 1477 respondere
1054 1400 1087 1457 et
1115 1395 1309 1477 responderi
1337 1396 1446 1478 possit

337 1503 370 1560 et
394 1498 525 1581 possint
547 1498 581 1561 in
604 1498 878 1581 quibuscumque
900 1498 1003 1581 curijs
1025 1504 1059 1561 et
1081 1498 1207 1581 placeis
1229 1499 1263 1562 in
1286 1499 1446 1563 omnibus

337 1607 371 1664 et
399 1601 539 1686 singulis
567 1602 762 1665 accionibus
790 1602 947 1677 realibus,
977 1603 1222 1686 personalibus,
1252 1610 1287 1667 et
1315 1604 1444 1679 mixtis

336 1725 452 1769 coram
479 1706 752 1790 quibuscumque
780 1705 961 1788 Judicibus
987 1706 1223 1790 spiritualibus
1250 1713 1284 1771 et
1312 1713 1446 1791 tempo-

337 1809 474 1884 ralibus,
502 1817 574 1874 tarn
599 1830 714 1874 coram
740 1810 838 1874 nobis
863 1817 897 1874 et
923 1811 1104 1876 heredibus
1128 1813 1254 1876 nostris
1278 1833 1384 1896 quarn
1411 1813 1445 1875 in

336 1915 610 1999 quibuscumque
629 1915 705 1999 alijs
725 1915 835 1998 Curijs
854 1916 980 1980 nostris
999 1922 1033 1980 et
1053 1917 1217 1981 heredum
1236 1923 1444 1993 nostrorum,

337 2040 377 2083 ac
392 2019 468 2103 alijs
483 2020 593 2104 Curijs
608 2020 843 2103 spiritualibus
859 2026 893 2083 et
910 2021 1156 2104 temporalibus
1170 2022 1446 2107 quibuscumque

337 2125 601 2208 imperpetuum,
622 2130 757 2188 statuto
777 2124 819 2188 de
839 2125 938 2188 terris
957 2130 992 2188 et
1012 2126 1217 2189 tenementis
1237 2126 1280 2190 ad
1301 2146 1445 2189 manum

336 2235 510 2293 mortuam
529 2251 598 2294 non
617 2229 787 2313 ponendo,
808 2235 869 2293 aut
889 2229 1004 2313 aliquo
1023 2229 1090 2293 alio
1109 2236 1244 2295 statuto
1263 2230 1357 2295 facto
1375 2251 1445 2294 non

336 2336 508 2411 obstante.
557 2334 596 2398 In
627 2355 655 2399 c.
687 2355 711 2399 r.
744 2340 769 2398 t.
801 2335 863 2398 has
893 2334 1008 2398 literas
1037 2341 1172 2399 nostras
1202 2336 1273 2399 fieri
1303 2335 1446 2398 fecimus

336 2445 505 2522 patentes.
553 2440 653 2503 Teste
676 2440 806 2522 meipso
830 2437 923 2522 apud
946 2439 1301 2514 Westmonasterium,
1326 2440 1445 2503 vicesi-

336 2565 393 2607 mo
411 2545 534 2628 quinto
553 2544 607 2608 die
626 2544 796 2619 Octobris,
817 2565 908 2607 anno
927 2544 1021 2628 regni
1039 2544 1147 2608 nostri
1166 2550 1274 2609 sexto.

702 2661 765 2724 Per
783 2662 887 2724 breue
905 2660 947 2724 de
966 2661 1103 2744 priuato
1121 2661 1229 2746 sigillo
1248 2667 1282 2725 et
1301 2661 1343 2725 de
1362 2660 1446 2725 data

500 2843 503 2849 ι
599 2764 765 2848 predicta,
792 2765 1001 2830 auctoritate
1026 2764 1259 2831 Parliamenti.
1309 2765 1444 2846 Pagett.

335 2958 376 3021 94
396 2963 427 3006 v,
474 2934 561 3015 (357)
587 2932 821 2996 Couuocnmo
845 2948 1048 2996 cananeus
1074 2934 1153 3016 (etc,
1178 2953 1216 2997 as
1238 2933 1276 2996 in
1304 2931 1447 3016 Chapter

380 3041 469 3114 Acts,
505 3053 579 3119 253,
616 3037 739 3120 adding
772 3043 802 3101 to
837 3036 1002 3119 heading),
1036 3054 1112 3100 curu
1147 3053 1444 3101 commonemus

381 3160 523 3208 orarum
552 3159 596 3205 Er
624 3158 800 3206 nouarum
827 3159 1072 3220 supuuucruu,
1102 3157 1146 3206 nc
1172 3156 1283 3205 semu
1312 3157 1444 3205 anono-

380 3264 538 3312 samone
563 3263 777 3311 sanunoeu.

168 3405 278 3457 1502-3‚
426 3390 571 3472 Propter
597 3389 760 3452 honorem
794 3388 875 3465 (etr,
904 3387 1017 3470 nearly
1049 3408 1087 3452 as
1117 3387 1155 3451 in
1187 3386 1329 3471 Chapter
1355 3387 1445 3463 Acts,

167 3462 232 3511 Feb.
253 3462 278 3507 ⁶'
338 3509 500 3576 253-257‚
525 3493 593 3557 line
617 3491 668 3567 16,
694 3493 806 3567 where,
831 3492 914 3573 aster
937 3492 957 3516 “
974 3491 1226 3567 transmissas,'’
1248 3491 1299 3555 the
1316 3491 1448 3574 lngilby

339 3599 380 3662 M
382 3598 430 3673 8.,
447 3598 496 3679 so,
510 3616 559 3683 95,
580 3615 652 3678 goes
671 3616 713 3659 on
732 3615 769 3659 as
787 3595 912 3677 follows
926 3617 981 3661 .·-

130 3730 311 3806 [εἱῒοηῐτοῐη
425 3728 580 3812 Quarum
603 3732 702 3790 tenor
725 3726 881 3810 sequitur
903 3726 938 3790 in
962 3727 1023 3790 hec
1047 3727 1175 3802 verba;
1214 3726 1321 3811 Right
1344 3727 1448 3791 trusti

137 3797 310 3926 ‘l‘qcssiiissw
339 3833 408 3898 and
431 3833 522 3917 right
546 3831 608 3895 wel
635 3831 779 3895 beloued
803 3831 837 3894 in
866 3830 952 3906 God,
977 3831 992 3894 I
1017 3831 1149 3915 hertely
1172 3838 1246 3916 gret
1269 3852 1339 3915 you
1362 3831 1447 3906 well,

339 3938 408 4002 and
422 3938 469 4001 let
482 3957 552 4020 you
564 3935 660 3999 witte
675 3935 690 3998 I
705 3955 781 3999 ame
793 3935 940 3999 credible
953 3934 1128 3999 enformed
1143 3935 1220 3999 ther
1231 3935 1259 3999 is
1272 3935 1449 4020 withynne

164 4056 281 4107 Theold
338 4064 398 4127 my
419 4048 524 4106 toune
545 4041 580 4105 of
601 4041 715 4123 Ripon
737 4061 780 4104 an
801 4040 878 4104 olde
899 4039 1033 4104 Church
1053 4040 1088 4104 in
1109 4040 1341 4125 Stamersgate
1361 4040 1448 4104 wich

144 4122 302 4252 {llusffirlssyf
339 4147 375 4212 of
392 4146 564 4210 Auncient
584 4150 679 4228 tyme
698 4165 768 4208 was
787 4164 831 4208 an
851 4145 937 4209 hous
956 4144 992 4208 of
1011 4143 1177 4229 Religion,
1198 4143 1267 4208 and
1285 4164 1363 4209 now
1381 4165 1448 4208 noo

130 4263 157 4310 in
174 4261 323 4308 stammer-
339 4273 458 4317 maner
477 4251 625 4315 livelood
646 4257 683 4314 to
704 4250 756 4313 hit
778 4250 992 4335 belongynge
1012 4250 1152 4333 wherby
1173 4248 1300 4333 divyne
1320 4249 1448 4314 seruice

189 4329 260 4390 gare.
339 4357 483 4431 shuldbe
510 4355 697 4439 susteyned
724 4354 794 4418 and
821 4354 1056 4437 maynteyned
1084 4359 1121 4417 to
1148 4352 1261 4417 Godes
1288 4353 1447 4437 pleasur;

338 4462 496 4528 Wherfor
517 4460 586 4524 and
608 4460 642 4523 in
665 4459 807 4542 somych
830 4479 868 4522 as
889 4479 932 4542 ye
954 4459 996 4522 be
1018 4458 1053 4522 in
1075 4479 1120 4522 no
1142 4479 1253 4542 wyese
1275 4457 1449 4542 proufited

339 4570 474 4651 therby,
496 4567 559 4630 but
579 4566 695 4630 rather
714 4563 862 4647 charged
881 4562 965 4627 with
985 4564 1221 4646 reparac'ones
1240 4563 1276 4627 ol
1295 4563 1354 4627 the
1374 4563 1449 4628 said

339 4673 461 4739 Chirch
482 4671 510 4734 il
530 4691 573 4754 ye
594 4669 672 4733 woll
694 4670 736 4732 be
757 4669 793 4733 ol
813 4688 871 4733 soe
893 4668 982 4753 gude
1003 4668 1108 4731 willes
1129 4667 1198 4733 and
1220 4667 1348 4752 mynde
1370 4668 1449 4732 that

339 4781 452 4874 I'may
468 4778 559 4871 haue
572 4775 624 4871 hit
640 4773 676 4838 of
690 4794 778 4858 your
792 4773 897 4857 geilte
912 4773 995 4837 with
1012 4793 1032 4836 a
1048 4772 1121 4836 litle
1136 4773 1281 4858 garthen
1296 4773 1450 4858 grounde
