3392 5650
323 695 366 776 46
598 694 682 757 Tun
709 694 863 758 lunum(
890 694 1149 758 Mnuuscnrnr.

324 871 394 951 (54)
433 868 663 933 Concosrmo
699 887 809 932 rursu
844 887 1046 932 uectusmu
1080 887 1128 931 on
1161 870 1351 932 Fonsmus
1385 888 1428 931 nr

369 996 569 1042 neotnsnuu
596 998 644 1042 ni:
671 980 828 1043 Ripon’.

412 1114 480 1177 For
517 1114 675 1197 spiritual
714 1114 905 1199 fraternity,
946 1116 1031 1191 etc.,'
1068 1116 1203 1198 printed
1242 1115 1328 1179 from
1370 1117 1427 1180 the

322 1214 473 1298 original
492 1214 644 1297 Chapter
662 1215 739 1278 MS.
761 1216 794 1277 in
812 1215 919 1278 Mem.
941 1216 1066 1297 Rz'pon,
1090 1216 1115 1291 Ι,
1137 1233 1209 1298 247.

321 1415 369 1464 21.
419 1403 490 1483 (55)
514 1400 729 1465 Snurnucrn
759 1419 857 1464 DnTn
886 1420 956 1464 nnn
982 1402 1203 1466 Cnmrutuu
1234 1403 1350 1466 Euou.
1379 1422 1426 1466 nr:

368 1514 622 1578 nonnullus.

411 1653 449 1715 ln
480 1652 621 1716 nomine
650 1651 728 1726 Dei,
752 1652 878 1716 Amen.
930 1653 1009 1737 Ego
1034 1653 1209 1717 Robertus
1232 1654 1273 1717 de
1296 1654 1427 1719 Tache-

322 1753 409 1837 leya,
436 1753 592 1826 clericus
623 1772 750 1835 gerens
777 1752 870 1815 vices
898 1753 1058 1816 d’norum
1089 1753 1222 1817 Decani
1255 1766 1305 1817 etI
1335 1756 1424 1817 beati

323 1852 415 1917 Petri
442 1853 560 1929 Ebot,
584 1852 712 1915 auditis
733 1865 766 1915 et
788 1852 971 1916 intellectis
994 1853 1125 1917 meritis
1149 1874 1254 1935 super
1279 1854 1426 1936 negocio

319 1966 486 2036 tangente
506 1952 721 2016 solucionem
746 1953 923 2015 mortuarii
945 1974 966 2015 a
986 1951 1158 2016 defunctis
1179 1953 1426 2016 decedentibus

320 2054 354 2115 in
373 2052 548 2135 prebenda
568 2052 610 2116 de
634 2051 781 2135 Hewyk,
802 2053 896 2134 quod
914 2052 1055 2135 quidem
1080 2052 1263 2136 negocium
1283 2053 1426 2116 vertitur

320 2154 408 2216 inter
428 2152 626 2217 Canonicos
651 2150 780 2233 Ripon'
797 2165 830 2215 et
851 2165 1007 2215 tenentes
1028 2152 1117 2215 dicte
1139 2152 1312 2234 prebende
1331 2152 1425 2234 apud

322 2254 469 2337 Hewyk,
500 2253 584 2335 quia
610 2264 827 2334 compertum
856 2264 908 2316 est
941 2273 1002 2335 per
1029 2251 1296 2334 inquisicionem
1330 2252 1424 2333 quod

318 2354 376 2416 alii
402 2352 748 2417 homines·villarum
774 2353 1001 2416 existencium
1032 2353 1065 2414 in
1096 2352 1260 2434 parochia
1291 2351 1420 2434 Ripon‚

319 2466 387 2516 tam
428 2453 518 2517 serui
559 2473 662 2534 quam
704 2452 814 2529 liberi,
849 2452 993 2516 soluunt
1033 2452 1158 2515 melius
1195 2452 1325 2514 animal
1363 2473 1424 2534 pro

320 2552 508 2617 mortuario
532 2552 607 2616 siue
630 2551 733 2615 fuerit
755 2574 842 2635 equs
867 2554 942 2617 siue
967 2557 1041 2629 hos
1069 2552 1144 2616 siue
1171 2552 1267 2615 aliud
1292 2552 1423 2615 animal

317 2652 562 2735 quodcunque,
604 2666 819 2734 compertum
864 2664 915 2715 est
959 2652 1045 2715 nisi2
1085 2672 1145 2734 per
1182 2652 1327 2716 eandem
1374 2652 1424 2715 in-

318 2752 561 2835 quisicionem,
583 2752 677 2834 quod
694 2752 885 2836 aliquando
908 2753 978 2816 dati
998 2752 1138 2817 fuerunt
1154 2753 1233 2836 equi
1252 2773 1314 2836 pro
1335 2774 1424 2816 mor-

320 2852 441 2916 tuariis
466 2852 705 2916 decedentium
733 2854 767 2916 in
793 2853 913 2917 eadem
941 2853 1024 2917 villa
1043 2853 1086 2917 de
1113 2853 1261 2937 Hewyk,
1285 2874 1348 2918 nec
1373 2868 1424 2919 est

320 2966 498 3017 ostensum
523 2973 585 3017 nec
608 2954 789 3036 probatum
811 2954 904 3035 quod
925 2954 1005 3018 dicti
1024 2953 1184 3017 homines
1201 2952 1263 3016 de3
1286 2952 1423 3036 Hewyk

320 3057 364 3117 ab
403 3053 603 3116 huiusmodi
644 3053 859 3135 prestacione
897 3054 1074 3118 mortuarii
1116 3054 1194 3136 plus
1228 3073 1332 3134 quam
1365 3053 1424 3115 alii

322 3153 481 3217 homines
516 3153 605 3217 dicte
645 3153 807 3236 parochie
841 3153 912 3216 sint
947 3153 1131 3228 immunes
1170 3152 1425 3216 sentencialiter

321 3252 441 3316 diffino
462 3266 495 3317 et
514 3254 684 3330 discerno,
707 3253 800 3336 quod
825 3255 949 3317 melius
970 3255 1099 3325 animal
1121 3254 1196 3318 siue
1215 3253 1317 3318 fuerit
1338 3275 1424 3336 equs

321 3353 396 3416 siue
419 3353 513 3417 aliud
541 3353 671 3415 animal
700 3354 934 3436 quodcunque
962 3355 1119 3418 soluatur
1147 3375 1208 3436 pro
1238 3355 1426 3417 mortuario

322 3473 384 3535 pro
403 3453 607 3535 corporibus
626 3453 872 3518 decedencium
894 3454 927 3515 in
950 3455 1034 3517 villa
1054 3454 1206 3537 predicta
1225 3454 1268 3518 de
1290 3454 1426 3538 Hewylr

321 3553 363 3615 de
401 3564 523 3616 tenura
562 3553 650 3615 beati
694 3552 796 3616 Petri.
863 3554 943 3616 Dat.
978 3554 1071 3636 apud
1108 3553 1212 3617 Ehor.
1250 3553 1302 3638 iij0
1333 3554 1423 3616 kal'n

323 3653 486 3717 Februar.
518 3653 625 3716 Anno
652 3653 722 3716 d’ni
751 3653 831 3715 Μῐῃο
858 3668 937 3717 ccm⁰
964 3656 1192 3739 octogesimo.
1260 3657 1296 3719 ln
1327 3658 1426 3720 cuius

322 3753 367 3816 rei
390 3753 626 3817 testimonium
645 3767 679 3816 et
694 3754 736 3816 ad
756 3766 956 3836 perpetuam
981 3755 1027 3818 rei
1046 3757 1247 3820 memoriam
1267 3758 1423 3841 sigillum

321 3853 472 3936 Capituli
491 3853 571 3917 huic
589 3853 739 3936 presenti
756 3853 932 3918 sentencie
949 3867 1001 3918 est
1015 3875 1222 3938 appensum.

323 4017 388 4099 (56)
415 4017 536 4080 CARTA
560 4033 785 4093 nnounuruu
810 4035 980 4082 tnupnnn
1005 4037 1248 4084 tuunutnuun.

410 4160 551 4223 Printed
579 4160 667 4223 from
696 4160 926 4246 Damhrough
955 4161 1023 4225 MS.
1053 4162 1088 4225 in
1117 4162 1219 4227 Mem.
1250 4162 1374 4246 Ripon,
1398 4164 1424 4238 l,

321 4283 395 4348 293·
453 4264 590 4349 ingilby
619 4264 687 4328 MS.
717 4266 815 4329 reads
845 4265 993 4329 “Adam
1021 4266 1152 4349 Outy,'’
1184 4267 1425 4342 “tenebunt'’

388 4531 393 4552 ¹
415 4529 432 4550 ‘⁴
443 4525 643 4574 Canonicorum
653 4524 666 4540 ’⁹
679 4524 801 4572 omitted.

386 4621 395 4643 ²
415 4620 432 4642 “
444 4615 501 4663 Nisi
512 4615 527 4633 ”
544 4632 634 4664 seems
649 4617 714 4663 here
729 4625 758 4662 to
773 4631 852 4663 mean
868 4614 976 4672 besides,
992 4631 1023 4663 or
1039 4631 1176 4673 nrnreover,
1190 4632 1224 4664 on
1242 4617 1328 4666 which
1345 4633 1425 4667 sense

321 4711 368 4743 sce
382 4695 525 4755 Ducange.

385 4791 395 4820 ³
414 4789 430 4812 “
441 4786 476 4833 de
487 4785 499 4799 ''
513 4786 643 4849 repeated
656 4786 681 4832 in
696 4785 753 4834 MS.
