3392 5650
358 720 419 784 140
641 700 719 764 Tur.
748 699 904 764 inciter
929 698 1175 764 llanuscnu'r.

139 880 396 964 d³>'⁵2t⁰¹³e⁵⁰de
434 879 576 964 Ingelby
612 879 664 942 vel
701 878 841 942 heredes
876 877 927 942 sui
963 898 1032 942 non
1067 878 1341 962 presentauerint
1377 879 1469 944 infra

157 954 323 1082 tgfblffffffi'f
354 984 584 1068 quadraginta
622 984 693 1048 dies
730 1006 749 1047 a
787 988 940 1066 tempore
977 988 1058 1046 note
1094 981 1299 1058 vocacionis,
1337 989 1469 1048 extunc

355 1088 514 1152 volumus
532 1088 624 1172 quod
643 1087 841 1171 Capitulum
860 1086 938 1150 eccl.
958 1086 982 1150 C
985 1087 1039 1150 oll.
1062 1085 1185 1170 Ripon’
1206 1086 1358 1170 predicte
1376 1086 1468 1151 inira

160 1189 313 1281 rhenano
354 1192 585 1276 quadraginta
622 1192 693 1255 dies
737 1211 833 1275 prox.
875 1197 1029 1274 sequent.
1073 1196 1281 1274 presentent.
1351 1192 1398 1256 Et
1438 1192 1467 1255 si

181 1257 299 1374 fflff
354 1296 552 1380 Capitulum
573 1296 766 1379 predictum
787 1295 876 1358 infra
896 1294 1127 1379 quadraginta
1148 1294 1219 1359 dies
1239 1316 1308 1359 non
1329 1315 1467 1379 presen-

149 1390 331 1452 nrcnbishop.
355 1407 441 1474 tent,
477 1407 604 1465 extunc
638 1400 797 1464 volumus
830 1398 925 1483 quod
960 1399 1135 1483 Archiep’s
1170 1400 1273 1464 Ebot.
1308 1400 1367 1484 qui
1402 1421 1467 1484 pro

155 1509 254 1587 ,savina
274 1506 322 1555 the
355 1511 508 1589 tempore
531 1504 632 1569 luerit
655 1510 837 1588 presentet.
887 1503 990 1567 Saluo
1011 1509 1128 1567 tamen
1150 1504 1285 1587 prefato
1306 1504 1400 1587 Joh’i
1421 1505 1467 1569 de

139 1574 339 1694 ’ζξέξαξὲὲᾞζ
357 1607 499 1692 Ingelby
513 1614 547 1671 ct
563 1608 631 1672 her.
648 1629 673 1672 s.
690 1614 724 1672 et
739 1608 899 1691 Capitulo
912 1608 1068 1691 predicto
1082 1608 1153 1672 iure
1167 1629 1230 1673 suo
1243 1610 1466 1693 presentandi

138 1713 186 1788 th?
211 1708 340 1803 lngelqys
354 1718 388 1776 et
409 1719 615 1796 patronatus
635 1713 719 1776 alias
738 1733 817 1776 cum
837 1712 931 1775 dicta
952 1711 1113 1776 Cantana
1133 1713 1320 1777 vacauerit.
1369 1714 1416 1777 Et
1436 1713 1465 1777 si

174 1777 310 1893 rncqpetpn
355 1817 528 1900 predictus
558 1818 676 1900 Jolr'es
706 1817 748 1880 de
782 1817 925 1901 Ingelby
955 1817 1077 1881 obierit
1107 1817 1179 1880 sine
1209 1816 1391 1881 heredibus
1421 1817 1466 1882 de

160 1938 185 1986 n
199 1935 273 1999 John
287 1933 321 2007 qe
353 1942 493 2005 corpore
514 1942 576 1985 suo
596 1923 745 2006 legitime
767 1922 963 2004 procreatis,
987 1928 1114 1986 extunc
1135 1923 1294 1987 volumus
1315 1922 1465 1987 aduoca-

141 2000 339 2120 lssffit‘ff
353 2025 485 2090 cionem
512 2031 546 2089 et
575 2032 799 2110 patronatum
826 2026 917 2089 dicte
945 2026 1104 2090 Cantarie
1131 2027 1202 2091 siue
1230 2025 1466 2111 Capellanarie

174 2137 240 2191 heir.
256 2135 303 2183 the
346 2129 513 2214 ¹Capitulo
542 2130 621 2195 eccl.
654 2130 735 2194 Coll.
770 2131 882 2215 Ripon
913 2151 1087 2195 remanere
1117 2131 1381 2215 imperpetuum,
1413 2131 1465 2198 ita

139 2200 339 2336 Rffggfffflo
353 2235 446 2318 quod
459 2256 527 2299 non
540 2235 619 2299 licet
632 2235 767 2317 prefato
780 2234 873 2317 Joh’i
886 2236 941 2298 vel
953 2236 1022 2299 her.
1037 2236 1106 2299 suis
1119 2235 1248 2300 dictam
1261 2235 1464 2300 aduocacio·

182 2339 294 2403 present
353 2359 431 2402 nem
452 2339 599 2403 alienare
620 2339 871 2422 inperpetuum.
920 2339 966 2402 Et
987 2339 1014 2402 si
1035 2339 1148 2403 dictus
1169 2340 1287 2423 Joh’es
1307 2339 1463 2425 Cabergh

147 2402 329 2471 perpetuatur.
352 2443 556 2526 Capelianus
573 2443 628 2506 vel
645 2463 854 2507 successores
871 2444 923 2507 sui
942 2449 1049 2507 terras
1067 2444 1232 2520 redditus,
1252 2450 1461 2521 tenementa,

180 2549 281 2627 ‘'rne-
352 2566 415 2621 res,
456 2546 570 2620 libros,
611 2546 742 2620 calices
784 2548 1003 2621 vestimenta,
1045 2547 1099 2611 vel
1139 2547 1206 2612 alia
1245 2568 1463 2632 quecumque

168 2615 302 2731 epaqqu
351 2656 554 2714 ornamenta
589 2650 679 2714 dicte
714 2651 874 2715 Cantarie
909 2652 1118 2735 pertinencia
1154 2652 1354 2716 alienauerit
1388 2652 1463 2717 sine

172 2750 299 2799 alienate.
351 2754 630 2839 inpignorauerit,
647 2756 908 2839 consumpserit,
925 2755 979 2819 vel
994 2756 1195 2831 vastauerit,
1212 2757 1267 2820 vel
1281 2757 1462 2821 inhoneste

351 2860 486 2935 vixerit,
509 2866 592 2924 tunc
612 2866 825 2935 amoueatur,
847 2866 882 2923 et
903 2860 989 2924 alius
1009 2860 1164 2944 ydoneus
1184 2861 1380 2945 capellanus
1400 2881 1461 2945 per

351 2964 484 3029 dictum
501 2964 696 3047 Johannem
714 2965 756 3028 de
775 2965 919 3050 Ingelby
936 2965 990 3028 vel
1008 2966 1076 3029 her.
1095 2986 1121 3029 s.
1140 2971 1357 3049 presentetur
1373 2971 1408 3030 et
1425 2965 1460 3030 in

352 3069 462 3132 forma
499 3069 654 3152 predicta
692 3069 896 3134 instituatur
933 3076 967 3133 et
1005 3070 1189 3134 inducatur
1226 3070 1260 3135 in
1298 3056 1462 3135 Cantaria

136 3190 337 3254 'l‘necnaplain
352 3172 516 3256 predicta.
565 3173 684 3237 Eciam
720 3175 879 3238 volumus
915 3180 949 3237 et
985 3174 1183 3255 ordinamus
1218 3174 1312 3258 quod
1347 3174 1461 3239 dictus

145 3259 328 3379 ussngstqtsgy
352 3277 470 3359 Joh'es
492 3277 534 3340 de
556 3277 709 3365 Caberglr
733 3278 936 3361 Capellanus
959 3285 993 3342 et
1016 3299 1223 3343 successores
1245 3279 1297 3343 sui
1319 3280 1461 3365 singulis

173 3392 307 3466 tortuose
351 3381 472 3445 diebus
490 3382 691 3456 matutinas
712 3383 863 3457 missam,
884 3389 918 3446 et
938 3384 1021 3447 alias
1040 3384 1141 3447 horas
1159 3385 1340 3448 canonicas
1358 3386 1460 3450 simul

171 3458 309 3522 ΨΜ·
351 3506 430 3549 cum
459 3485 606 3550 Placebo
632 3492 666 3549 et
697 3487 820 3571 Dirige,
851 3488 1002 3571 exceptis
1030 3487 1125 3551 iestis
1153 3487 1356 3571 duplicibus,
1386 3496 1460 3554 tam

351 3612 413 3675 pro
433 3591 522 3655 viuis
542 3610 648 3674 quam
668 3610 730 3673 pro
751 3590 923 3655 defunctis
943 3592 1098 3675 superius
1118 3592 1321 3676 specificatis
1342 3600 1377 3657 et
1397 3614 1460 3678 pro

350 3696 463 3760 cuntis
495 3695 652 3759 fidelibus
683 3696 771 3758 viuis
803 3701 837 3759 et
870 3695 1041 3760 defunctis
1072 3696 1190 3760 dicant
1221 3702 1256 3761 et
1287 3697 1459 3763 celebrent

350 3799 475 3863 deuote
496 3799 560 3863 nisi
581 3799 781 3863 infirmitate
802 3799 856 3862 vel
877 3799 944 3863 alia
964 3799 1116 3884 legitima
1136 3806 1170 3863 et
1191 3801 1336 3865 honesta
1355 3822 1461 3867 causa

139 3911 334 3986 lflrreyerrtetl,
350 3903 454 3967 fuerit
490 3903 686 3985 impeditus.
736 3904 780 3966 Et
817 3904 844 3966 si
881 3903 997 3967 taliter
1032 3904 1217 3988 impeditus
1254 3905 1367 3981 luerit,
1404 3907 1460 3970 vel

155 3977 316 4094 sffl'ffie
351 4028 454 4071 causa
489 4006 686 4070 racionabili
720 4028 754 4070 se
789 4008 1034 4083 absentauerit,
1070 4014 1197 4072 extunc
1231 4010 1390 4074 volumus
1424 4017 1459 4075 et

351 4110 549 4176 ordinamus
567 4111 661 4195 quod
680 4111 793 4175 dietus
812 4111 930 4194 Joh’es
948 4112 990 4175 de
1009 4112 1163 4197 Cabergh
1182 4113 1385 4197 Capellanus
1404 4115 1459 4179 vel

351 4217 436 4280 alius
472 4217 532 4300 qui
569 4236 630 4299 pro
664 4222 817 4300 tempore
852 4217 964 4292 fuerit,
995 4238 1055 4300 per
1086 4218 1191 4281 alium
1219 4218 1393 4301 ydoneum
1424 4226 1460 4285 et

351 4322 534 4385 honestum
548 4321 770 4404 Capellanum
784 4321 818 4384 in
831 4321 926 4385 dicta
939 4321 1076 4405 Capella
1089 4322 1207 4386 diuina
1220 4329 1259 4386 vt
1272 4323 1460 4406 predicitur

153 4445 212 4493 ‘sne
228 4443 317 4505 cnap-
351 4425 456 4489 faeiat
477 4425 649 4489 celebrari.
699 4425 788 4488 Item
809 4425 969 4490 volumus
990 4432 1024 4489 et
1046 4426 1244 4491 ordinamus
1264 4428 1359 4512 quod
1379 4436 1459 4513 post

152 4510 318 4628 fflnigsffih
350 4529 607 4594 institucionem
643 4529 814 4593 dictorum
851 4530 1122 4612 Capellanorum,
1160 4533 1304 4615 quilibet
1341 4554 1459 4598 eorum

202 4645 270 4694 tion.
351 4641 539 4718 antequam
561 4656 581 4697 a
602 4634 676 4697 loeo
697 4655 767 4718 quo
788 4634 970 4699 institutus
991 4636 1094 4699 fuerit
1115 4656 1151 4699 se
1172 4636 1334 4713 diuertat,
1358 4638 1459 4721 Jura-

350 4744 506 4802 mentum
549 4738 723 4821 corporale
764 4758 867 4823 super
908 4746 1126 4805 sacrosancta
1166 4741 1230 4805 Dei
1271 4743 1460 4829 Euangelia
