3392 5650
611 699 709 763 Acrs
734 718 780 763 on
804 698 994 763 Cnnprsn.
1337 714 1355 778 7
1401 719 1404 723 ¹

336 874 359 940 Ψ.
406 872 459 936 Ad
507 874 580 949 hec,
624 887 658 937 vt
698 872 817 956 prefati
858 872 1001 937 ecclesie
1044 871 1274 936 deseruitores
1315 892 1355 935 ac
1403 876 1551 951 Firfnarunr

251 973 397 1037 ministri
415 972 529 1037 officio
546 973 639 1055 quod
663 973 736 1037 suis
759 985 945 1037 assumunt
970 970 1124 1035 humeris
1150 970 1355 1054 portabilius
1369 942 1568 1055 lffssssffistffiffe

249 1074 319 1137 sint
330 1072 470 1147 astricti,
488 1094 529 1136 ne
543 1086 706 1136 extranea
719 1073 784 1137 sibi
796 1085 945 1155 querant
958 1070 1109 1155 vagandi
1122 1069 1350 1154 subterfugia,
1370 1071 1475 1147 nypmr
1509 1087 1568 1165 pro

250 1174 412 1236 volumus
450 1194 490 1236 ac
525 1172 729 1236 ordinamus
761 1185 797 1234 vt
830 1173 947 1235 nullus
978 1171 1179 1235 deseruiens
1211 1169 1244 1232 in
1279 1170 1354 1252 ipsa
1369 1137 1537 1264 *Jfflfa‘

248 1272 393 1337 ecclesia
420 1271 562 1334 firmam.
584 1271 739 1354 aliquam
767 1272 808 1335 de
840 1284 953 1335 cetero
982 1271 1132 1353 recipere
1165 1282 1351 1352 presumat,

248 1371 394 1453 quodsi
428 1372 513 1435 tales
542 1372 776 1447 inueniantur,
804 1385 864 1433 aut
896 1371 981 1453 ipsis
1013 1370 1122 1433 firmis
1151 1368 1239 1432 infra
1266 1369 1354 1433 duos

249 1492 386 1535 menses
405 1484 588 1553 postquam
613 1471 769 1555 legitime
795 1471 916 1534 moniti
942 1470 1068 1533 luerint
1094 1469 1350 1545 renunciemus,

248 1584 308 1633 aut
325 1570 435 1654 ipsius
451 1571 594 1634 ecclesie
611 1571 797 1634 seruicium
815 1571 987 1633 amittant.

334 1731 352 1761 ‘¹
405 1732 564 1795 Preterea
610 1733 773 1795 volumus
819 1744 853 1795 et
898 1732 1102 1795 ordinamus
1150 1744 1186 1793 ut
1233 1729 1351 1812 prefati
1393 1766 1568 1815 Habitstobe

248 1832 431 1914 capellani,
459 1831 607 1905 diaconi,
635 1844 668 1895 et
693 1831 898 1895 subdiaconi
930 1832 963 1892 in
991 1831 1135 1895 ecclesia
1165 1844 1354 1893 memorata
1369 1848 1443 1881 worn
1467 1832 1492 1881 ³¹¹
1522 1832 1567 1881 ¹¹¹⁶
1597 1894 1598 1897 ,

248 1932 307 2012 qui
342 1952 401 2013 per
433 1931 542 2013 ipsam
576 1931 694 1994 villam
731 1931 871 2015 Rypon’
899 1929 1056 1994 infirmos
1085 1930 1266 2006 visitaturi,
1295 1943 1355 1992 aut
1368 1898 1568 2025 fflngffiiffi

247 2029 341 2093 aliud
368 2030 519 2094 officium
549 2030 642 2112 quod
668 2031 719 2094 eis
746 2030 916 2095 incumbit
940 2030 1127 2105 executuri,
1156 2029 1354 2093 incedentes
1368 2029 1436 2085 sien,
1458 2038 1524 2119 erc,

249 2129 404 2193 habitum
430 2129 585 2194 deferant
608 2142 825 2204 consuetum,
854 2130 985 2194 scilicet
1005 2130 1296 2213 superpelliceum
1322 2142 1355 2193 et
1369 2095 1568 2222 psspreeqhdsur·

248 2251 381 2312 capam.
434 2228 655 2293 lnfirmorum
683 2252 765 2294 vero
790 2230 986 2294 visitatores
1012 2251 1072 2312 per
1096 2229 1207 2311 ipsam
1234 2229 1353 2293 villam
1369 2223 1526 2337 Cefffvbafffl
1551 2288 1568 2337 d

249 2350 327 2393 cum
367 2329 491 2393 clerico
531 2329 564 2392 in
606 2330 737 2407 habitu,
772 2351 943 2413 campana
978 2342 1011 2393 et
1042 2330 1182 2393 lucerna
1213 2329 1355 2392 ardente
1369 2305 1484 2411 ἷζζηθΐῃῗ
1497 2305 1551 2403 ,3¹21

252 2428 524 2511 precedentibus,
546 2429 690 2493 honeste
706 2451 746 2493 ac
762 2450 840 2493 cum
859 2429 954 2493 omni
977 2430 1175 2492 reuerencia
1199 2427 1356 2492 deferant
1368 2420 1473 2533 mark
1486 2420 1512 2468 in

251 2528 387 2610 Corpus
418 2527 501 2611 Xpi.
568 2528 673 2591 Extra
701 2550 782 2593 vero
811 2529 929 2591 villam
960 2527 1117 2592 infirmos
1145 2528 1292 2591 visitans
1321 2528 1353 2589 in
1447 2520 1454 2533 ’

253 2628 372 2692 habitu
400 2628 533 2692 decenti
560 2628 723 2692 incedens
747 2650 825 2692 cum
854 2629 979 2692 clerico
1003 2629 1037 2709 (3
1050 2630 1097 2709 v.)
1125 2640 1159 2692 et
1186 2648 1356 2710 campana

252 2728 353 2792 officii
389 2728 442 2791 sui
483 2727 636 2791 debitum
676 2728 801 2792 deuote
835 2741 1034 2810 exequetur.
1109 2728 1142 2791 ls
1182 2748 1263 2791 vero
1302 2727 1355 2790 cui

253 2827 421 2911 prefatum
441 2829 655 2893 visitacionis
673 2828 842 2893 incumbit
860 2829 1101 2904 ministerium,
1124 2829 1157 2889 in
1180 2849 1262 2892 casu
1287 2849 1358 2909 quo

253 2949 375 2992 vacare
416 2949 483 2991 non
517 2942 639 3010 potest,
675 2929 789 3011 ipsum
826 2929 910 2991 nulli
946 2928 1010 2992 nisi
1042 2927 1145 2992 alicui
1178 2927 1220 2990 de
1251 2927 1357 2991 choro

252 3028 466 3092 committere
485 3041 671 3109 presumat.
722 3027 791 3112 Qui
810 3048 892 3091 vero
911 3028 943 3089 in
962 3028 1081 3109 aliquo
1107 3027 1355 3110 premissorum

254 3128 433 3212 necligens
465 3127 664 3191 inueniatur
694 3149 754 3191 seu
790 3128 966 3202 remissus,
1003 3127 1036 3188 in
1076 3127 1228 3210 capitulo
1269 3147 1358 3208 pena

252 3227 429 3310 condigna
447 3227 621 3306 puniatur.

337 3388 355 3455 ’.ᾗ
408 3390 505 3464 ltem,
541 3389 623 3471 quia
657 3389 755 3453 decet
788 3389 854 3452 Dei
888 3388 1064 3453 ministros
1096 3402 1235 3452 sanctos
1267 3409 1353 3463 esse,
1406 3404 1480 3480 Nora
1501 3405 1571 3454 nanc

177 3549 178 3553 ,
252 3489 386 3553 dicente
413 3488 579 3565 Domino,
608 3489 726 3552 Sancti
755 3502 875 3564 estote,
907 3489 989 3570 quia
1012 3509 1080 3572 ego
1108 3502 1250 3552 sanctus
1278 3508 1354 3551 snm
1371 3470 1572 3583 ffi'r‘aufflm

251 3602 313 3652 etc.
356 3609 396 3652 ac
436 3588 561 3652 nedum
601 3610 621 3651 a
662 3590 754 3652 malo
792 3589 852 3652 sed
893 3590 938 3651 ab
977 3589 1071 3652 omni
1112 3588 1227 3670 specie
1266 3588 1540 3664 malanosvagos.¹

251 3688 496 3752 abstinendum
536 3688 591 3764 sit,
635 3688 834 3752 memoratis
872 3688 1016 3752 ecclesie
1052 3687 1278 3751 servitoribus
1317 3708 1357 3751 ac
1427 3762 1429 3765 ¹

253 3787 420 3851 ministris
466 3789 638 3860 tabernas
689 3787 873 3851 inhonesta
926 3787 1111 3850 mulierum
1163 3787 1353 3863 consorcia,
1405 3802 1508 3876 cjonua

251 3889 448 3970 spectacula
492 3887 640 3970 publica,
687 3887 787 3951 ludos
831 3886 1045 3962 inhonestos,
1089 3907 1129 3950 ac
1171 3887 1239 3949 alia
1282 3888 1357 3950 loca
1372 3867 1504 3914 ebs¹⁰⁸⁰⁸·

251 4000 422 4070 suspecta,
442 4008 483 4050 ex
505 3986 633 4068 quibus
653 3986 856 4050 scandalum
882 3986 962 4049 oriri
990 3986 1112 4068 poterit
1138 3987 1171 4047 in
1197 3986 1353 4058 ecclesia,

250 4101 310 4149 aut
350 4098 536 4150 nocturnas
569 4086 989 4169 vagaciones,·precipue
1029 4097 1106 4167 post
1145 4084 1354 4169 ignitegium

250 4188 437 4269 pulsatum,
470 4185 608 4268 penitus
636 4185 884 4248 interdicimus.
936 4185 973 4248 Si
1006 4185 1085 4267 quis
1113 4206 1195 4249 vero
1219 4198 1353 4248 contra·
1405 4173 1557 4274 Norauer'

251 4286 368 4349 venire
392 4285 651 4368 presumpserit,
679 4285 860 4348 conuictus
885 4285 997 4367 primo
1021 4285 1212 4348 secundum
1238 4284 1351 4348 delicti
1368 4271 1555 4325 p⁶¹¹²²⁸1³¹¹¹¹l

250 4386 463 4468 qualitatem,
489 4406 548 4467 per
569 4385 758 4467 capitulum
784 4385 958 4467 puniatur,
982 4385 1136 4449 secundo
1158 4385 1350 4458 conuictuS,
1401 4393 1555 4468 Capitulum

245 4485 345 4569 juxta
373 4485 466 4567 quod
498 4485 606 4548 creuit
635 4485 865 4559 contumacia,
901 4497 1031 4548 crescat
1061 4497 1094 4548 et
1126 4505 1215 4567 pena
1246 4467 1470 4548 delin-punml’

248 4585 397 4668 quentis.
468 4585 592 4647 lterato
631 4605 712 4648 vero
750 4585 932 4648 conuictus
971 4585 1114 4648 ulterius
1152 4597 1242 4648 stare
1284 4605 1351 4647 non

251 4685 468 4769 permittatur
492 4684 570 4761 nisi,
597 4684 814 4750 correccione
838 4683 1048 4748 sufficienter
1072 4683 1170 4761 facta,
1195 4685 1287 4767 quod
1312 4684 1354 4749 de
