3392 5650
343 722 384 788 72
629 705 709 770 Tne
734 704 890 771 Inorrnr
915 703 1161 771 Mnuuscurr’r.

731 885 819 969 (104)
846 885 903 949 Dr
927 902 1065 950 Eooun.

191 1024 233 1059 ec.
249 1023 290 1072 25,
431 1001 504 1065 Hec
539 1008 636 1066 carta
671 1000 890 1085 cirograilata
926 1006 1077 1066 testatur
1111 1002 1205 1086 quod
1241 1001 1373 1068 Galirid
1409 1003 1451 1068 de

192 1090 266 1137 ¹²⁴²·
344 1104 482 1181 Larder,
515 1105 708 1170 Canonicus
740 1105 866 1189 Ripon,
897 1105 939 1169 de
970 1126 1137 1170 consensu
1169 1106 1278 1191 Capit.
1313 1106 1450 1193 Ripon’,

197 1208 328 1257 eantaria
343 1229 437 1273 conc.
450 1215 484 1274 et
499 1209 575 1275 ded.
588 1211 666 1276 eth.
683 1230 715 1294 p.
732 1230 759 1274 c.
773 1210 862 1274 coni.
876 1208 910 1274 in
925 1208 1016 1274 leodi
1029 1210 1175 1286 firmam,
1191 1210 1304 1275 Will’o
1317 1211 1450 1297 Gaugy,

196 1274 313 1325 Andree.
343 1314 588 1399 consanguinio
622 1335 695 1389 suo,
731 1334 849 1378 omnes
885 1320 992 1379 terras
1027 1335 1106 1379 curn
1140 1315 1332 1381 redditibus
1365 1337 1452 1401 quas

209 1415 249 1463 De
344 1418 467 1483 habuit
490 1418 524 1483 in
548 1418 745 1502 Winkeslay
769 1418 858 1483 infra
881 1418 999 1483 villam
1022 1425 1057 1483 et
1088 1425 1187 1485 extra
1210 1426 1323 1504 preter
1346 1427 1452 1487 terras

192 1481 314 1628 &ap
344 1528 379 1586 et
404 1521 558 1587 redditus
583 1523 793 1607 pertinentes
818 1524 863 1589 ad
888 1525 981 1609 preb.
1008 1544 1106 1589 suam
1132 1524 1204 1589 sine
1229 1525 1298 1589 vllo
1323 1532 1452 1591 retene-

344 1638 472 1693 mento.
521 1627 617 1692 Idem
639 1627 747 1695 eciam
769 1627 809 1694 G.
833 1629 940 1703 dedit,
963 1649 1056 1693 cone.
1081 1634 1116 1692 et
1138 1650 1170 1712 p.
1194 1650 1222 1693 c.
1246 1630 1335 1695 coni.
1360 1630 1452 1695 dicto

342 1731 457 1797 Will’o
491 1731 614 1817 Gaugy
649 1753 739 1797 omn.
777 1733 942 1817 parcellas
978 1739 1096 1798 terrar.
1134 1733 1168 1798 in
1204 1734 1375 1800 territorio
1410 1736 1453 1800 de

194 1836 467 1921 ¹30³1¹11>18Ripon¹
486 1857 573 1921 quas
589 1837 672 1901 emit
689 1838 731 1902 de
749 1837 822 1903 Ric.
841 1837 911 1903 filio
928 1838 1041 1901 Nieh'i
1065 1837 1110 1903 fil.
1130 1837 1250 1903 Rob'ti
1267 1838 1311 1904 fil.
1331 1840 1453 1904 Douue

191 1904 231 1967 up
231 1916 297 1967 901¹·
344 1940 386 2024 (ἲ)
404 1962 471 2026 que
487 1940 600 2006 iacent
615 1941 707 2007 vltra
723 1942 834 2007 Skelle
849 1942 942 2007 inter
957 1947 1099 2026 pontem
1115 1942 1158 2006 de
1174 1942 1246 2007 Yor
1261 1948 1296 2006 et
1311 1945 1454 2009 boscum

342 2046 384 2110 de
407 2045 565 2130 Aldwyk,
586 2045 657 2110 sine
681 2045 755 2110 vllo
779 2052 1025 2111 rotenemento.
1074 2047 1218 2112 Habet
1242 2052 1310 2112 ten.
1337 2047 1371 2112 in
1395 2048 1451 2115 lib.

342 2156 376 2214 et
405 2170 498 2234 perp.
529 2150 569 2214 el.
599 2150 664 2214 eid.
695 2149 811 2214 Will'o
835 2156 871 2215 et
894 2152 964 2215 her.
990 2151 1044 2214 vel
1073 2153 1196 2238 assign.
1226 2172 1252 2217 S.
1283 2154 1452 2228 omnibus,

341 2254 494 2339 exceptis
526 2254 608 2318 viris
641 2253 804 2340 religiosis
837 2261 873 2319 et
906 2254 1015 2319 iudeis
1048 2261 1083 2319 et
1117 2256 1331 2340 Capitalibus
1365 2258 1454 2322 d'nis

341 2361 542 2435 leodorum;
569 2359 678 2423 Redd.
706 2359 785 2425 inde.
811 2360 993 2426 annuatim
1021 2360 1131 2444 Capit.
1161 2361 1286 2445 Ripon’
1314 2360 1379 2445 ijs,
1406 2383 1451 2427 sc.

197 2474 326 2538 chaplain
341 2466 385 2531 ad
403 2466 500 2530 Pent.
519 2463 602 2547 xijd.
621 2470 656 2528 et
672 2464 716 2530 ad
732 2464 755 2529 f.
775 2464 806 2529 S.
825 2464 870 2530 M.
886 2464 969 2548 xijd.
1018 2465 1064 2529 Et
1081 2464 1289 2530 inueniendo
1302 2465 1453 2550 Capella-

191 2541 232 2657 ἓξ
254 2541 327 2656 Ἢ
340 2591 423 2635 num
443 2570 605 2635 idoneum
624 2568 683 2653 qui
704 2569 829 2633 cotidie
849 2569 1036 2634 celebrabit
1055 2569 1196 2634 missam
1216 2569 1258 2633 de
1279 2568 1452 2635 defunctis

191 2690 209 2724 l·
340 2696 419 2740 cum
432 2675 574 2760 placebo
587 2679 621 2738 et
634 2673 740 2759 dirige
753 2695 831 2739 curn
844 2674 1145 2740 commendacione
1158 2674 1271 2739 anime
1284 2674 1329 2740 ad
1345 2675 1453 2739 altare

341 2780 408 2846 S’ci
422 2779 557 2845 Andree
571 2778 660 2844 inira
676 2778 756 2844 eccl.
773 2778 899 2864 Ripon'
915 2778 950 2844 in
964 2799 1059 2864 perp.
1075 2799 1138 2864 pro
1153 2779 1334 2845 animabus
1350 2779 1452 2845 Will'i

341 2891 375 2950 et
396 2885 519 2970 Nigelli
539 2884 581 2948 de
602 2883 770 2967 Moubray
793 2890 840 2966 (et
861 2887 1143 2968 antecessorum)1
1164 2890 1199 2948 et
1219 2905 1452 2950 successorum

340 3010 480 3056 suorum
502 2996 537 3053 et
559 2989 665 3054 Galfr.
684 2988 831 3072 archiep.
851 2994 886 3052 et
907 2988 1013 3053 Galir.
1032 2989 1074 3053 de
1090 2988 1219 3053 Larder
1235 2994 1269 3052 et
1285 3010 1376 3053 omn.
1395 2989 1452 3054 fid.

220 3148 245 3196 h,
341 3094 592 3160 defunctorum.
641 3094 687 3157 Et
714 3092 889 3157 reddendo
918 3092 1007 3157 d’nis
1034 3092 1212 3158 feodorum
1238 3093 1393 3158 redditus
1420 3100 1455 3158 et

191 3160 327 3277 lsadleeai
341 3199 484 3264 seruicia
499 3219 566 3283 que
579 3198 623 3263 ad
639 3218 697 3262 eos
713 3195 888 3282 pertinent
904 3197 1093 3261 secundum
1110 3203 1264 3261 tenorem
1280 3203 1454 3263 cartarum

191 3283 207 3342 l·
341 3323 504 3378 suarum;
537 3302 711 3387 predictus
738 3322 820 3365 vero
844 3301 953 3365 Will’s
977 3306 1012 3364 et
1035 3301 1088 3365 sui
1111 3301 1224 3366 hered.
1251 3302 1306 3366 vel
1330 3302 1452 3388 assign.

341 3408 476 3474 dabunt
498 3406 653 3491 predicto
676 3405 860 3490 Capellano
885 3425 944 3489 per
968 3426 1097 3470 annum
1118 3405 1152 3489 iij
1171 3426 1304 3471 marcas
1321 3406 1451 3491 argenti

342 3533 404 3598 pro
426 3512 495 3576 suis
525 3510 715 3595 stipendiis,
739 3530 784 3574 sc.
809 3509 947 3574 mediet.
972 3509 1063 3575 inira
1087 3515 1153 3574 oct.
1179 3509 1211 3575 S.
1236 3510 1280 3575 M.
1306 3517 1340 3575 et
1363 3511 1452 3576 med.

342 3615 432 3683 inira
448 3622 514 3682 oct.
535 3616 645 3690 Pent,
662 3635 749 3699 quas
765 3613 792 3677 si
810 3613 1006 3678 distulerint
1023 3614 1164 3678 reddere
1181 3613 1273 3680 vltra
1289 3615 1454 3680 terminos

344 3726 555 3807 pretaxatOS,
571 3719 750 3784 dimidiam
765 3738 918 3783 marcam
933 3718 1069 3783 soluent
1085 3718 1120 3783 in
1135 3718 1290 3803 quolibet
1307 3719 1455 3784 termino

193 3850 327 3912 lloaugy
344 3827 378 3891 in
401 3846 525 3910 penam
548 3823 676 3889 fabrice
693 3823 772 3887 eccl.
791 3822 928 3907 Ripon’.
973 3823 1063 3887 Item
1079 3823 1173 3908 pred.
1198 3822 1306 3887 Will's
1328 3829 1362 3888 et
1385 3825 1455 3889 her.

199 3915 329 4031 hrs'hteirs
344 3932 399 3994 vel
427 3929 549 4014 assign.
580 3928 631 3993 sui
661 3928 754 4012 pred.
785 3927 970 4011 Capellano
998 3933 1135 3992 mortuo
1163 3927 1218 3991 vel
1248 3935 1366 3993 amoto
1394 3950 1457 4013 pro

193 3998 292 4033 resen.
345 4035 470 4100 delicto
505 4054 577 4108 su0,
615 4032 719 4096 alium
756 4032 1006 4115 presentabunt
1042 4031 1135 4115 pred.
1173 4032 1333 4117 Capitulo
1369 4033 1459 4099 infra

345 4138 598 4224 quinquaginta
636 4136 717 4201 dies
765 4136 866 4220 Quod
904 4135 933 4198 si
972 4135 1060 4199 iorte
1100 4136 1209 4200 lacere
1249 4136 1457 4213 distulerint,

192 4252 330 4368 tplegnntelge
345 4244 461 4308 licebit
492 4241 693 4326 (Capitulol2
721 4240 780 4305 illa
807 4240 882 4304 vice
911 4240 1016 4305 alium
1045 4240 1206 4305 idoneum
1235 4240 1458 4324 Capellanum

191 4357 194 4370 '
345 4349 419 4413 loco
448 4348 520 4412 eius
547 4346 766 4420 substituere,
796 4345 851 4409 cui
904 4345 973 4409 red.
1003 4344 1055 4409 W.
1086 4351 1120 4408 et
1148 4345 1218 4409 her.
1248 4346 1303 4409 vel
1332 4346 1398 4411 assi
1421 4368 1454 4411 n.

191 4390 256 4502 illil-
270 4389 301 4435 to
344 4453 396 4518 sui
427 4453 488 4516 xls
520 4452 584 4516 sub
614 4450 769 4534 predicta
798 4365 902 4532 penap
918 4449 1053 4514 soluent
1085 4449 1265 4514 annuatim
1297 4470 1359 4534 pro
1390 4368 1460 4515 siris

344 4556 534 4643 stipendiis.
582 4555 708 4620 Omnia
735 4574 816 4618 vero
844 4552 1044 4637 supradicta
1071 4553 1222 4618 tenenda
1248 4560 1283 4618 et
1311 4554 1460 4620 fideliter

344 4660 561 4727 obseruanda
577 4659 734 4724 affidauit
751 4664 786 4722 et
802 4658 930 4723 iurauit
949 4657 1042 4741 pred.
1062 4658 1114 4722 W.
1163 4658 1203 4722 In
1221 4659 1322 4723 huius
1340 4665 1458 4724 autem

346 4765 355 4770 ·
416 4805 422 4827 ¹
444 4759 743 4862 Repeatedin—blgu
772 4799 781 4820 ²
801 4795 858 4842 Not
871 4793 899 4842 in
912 4793 961 4842 the
974 4794 1029 4841 MS.
