3392 5650
324 700 388 765 170
610 684 689 748 Tun
714 683 871 748 lucum
895 683 1141 750 Manuscmer.

322 862 537 927 Riehcmund
576 884 638 947 pro
677 863 802 947 quibus
841 863 882 927 lis
921 870 1017 928 mota
1056 864 1122 928 luit
1162 864 1251 929 inter
1289 866 1429 949 Joh’em

320 966 521 1043 Tauemere,
549 974 683 1051 patrem
708 967 854 1051 predicti
880 967 1047 1041 Nicholai‚
1075 974 1110 1032 et
1136 989 1201 1045 me,
1229 970 1307 1034 volo
1333 971 1430 1055 quod

320 1071 447 1136 habeat
477 1072 541 1135 sibi
572 1078 607 1135 et
639 1072 820 1136 heredibus
850 1072 929 1137 suis.
978 1072 1067 1136 ltem
1098 1072 1173 1157 lego
1205 1074 1353 1139 Henrico
1385 1075 1430 1139 de

321 1175 479 1259 Pudesay
516 1197 589 1240 xxs.
639 1176 682 1240 lt’
721 1175 903 1240 condono1
941 1177 1150 1260 pauperibus
1187 1183 1222 1241 et
1259 1178 1430 1243 debilibus

320 1280 518 1344 tenentibus
553 1280 637 1344 meis
672 1280 714 1344 de
751 1280 968 1344 Richemund
1005 1286 1117 1345 totam
1153 1280 1288 1346 firmam
1323 1282 1430 1347 michi

320 1383 473 1448 debitam
495 1384 537 1447 de
558 1406 649 1448 nouo
670 1390 704 1447 et
726 1384 768 1447 de
789 1385 934 1469 antiquo
955 1385 1144 1449 secundum
1165 1385 1429 1452 discreccionem

320 1495 542 1553 executorum
584 1509 748 1553 meomm.
797 1488 841 1552 It’
881 1489 1063 1553 condono1
1097 1503 1217 1554 nouo²
1245 1491 1430 1575 Philippho
1521 1493 1529 1504 '

320 1593 451 1657 tenenti
481 1614 557 1657 meo
586 1593 628 1657 de
658 1592 785 1676 Exilby
815 1598 927 1657 totam
956 1592 1091 1657 firmam
1121 1615 1229 1659 suam.
1278 1595 1322 1659 It’
1353 1595 1430 1681 lego

319 1697 473 1780 predicto
505 1698 663 1781 Philippo
694 1718 806 1761 meam
834 1718 960 1782 equam
989 1697 1172 1762 Greciam.s
1218 1699 1262 1763 It'
1291 1698 1365 1784 lego
1392 1699 1429 1764 in

320 1801 607 1866 distrebucionem
627 1822 818 1885 pauperum
839 1802 1029 1866 iacencium
1049 1808 1084 1866 et
1105 1802 1318 1867 infirmorum
1338 1803 1431 1869 infra

319 1907 517 1990 parochiam
537 1907 578 1970 de
599 1906 853 1991 Bemyngham,
874 1905 936 1971 xls,
958 1906 1146 1970 secundum
1166 1907 1429 1973 discreccionem

319 2017 541 2075 executurum
572 2031 736 2075 meorum.
796 2010 840 2073 It’
869 2010 943 2096 lego
971 2011 1005 2074 in
1033 2011 1313 2076 distribucionem
1344 2034 1430 2097 pau-

320 2136 439 2199 perum
470 2116 658 2180 iacencium
689 2121 724 2179 et
751 2116 901 2179 maxime
926 2115 1115 2180 iacencium
1139 2116 1314 2201 egencium
1338 2117 1430 2182 infra

320 2220 518 2304 parochiam
546 2220 587 2284 de
617 2219 853 2295 Richemond.,
884 2219 946 2283 xls
995 2219 1084 2283 Item
1108 2220 1182 2305 lego
1206 2220 1241 2284 in
1266 2220 1429 2286 distribu-

319 2325 451 2388 cionem
474 2344 665 2408 pauperum
688 2329 722 2387 et
745 2324 895 2387 maxime
918 2324 1094 2408 egencium
1117 2324 1206 2389 infra
1228 2325 1429 2409 parochiam

320 2430 362 2494 de
381 2429 517 2513 Ripon’,
537 2428 599 2492 xls.
649 2428 692 2492 lt’
712 2428 786 2513 lego
804 2428 898 2511 Joh’i
917 2428 1010 2511 Gray
1028 2428 1070 2492 de
1089 2429 1343 2514 Bemyngham,
1363 2431 1426 2496 xls

321 2534 364 2598 lt’
389 2533 463 2618 lego
486 2533 694 2616 pauperibus
717 2532 924 2597 monialibus
947 2532 989 2596 de
1012 2533 1245 2618 Arthyngton,
1270 2534 1332 2599 xls
1382 2535 1427 2600 lt'

319 2638 398 2703 volo
413 2637 507 2723 quod
523 2637 631 2702 Alicia
647 2657 734 2700 vxor
749 2657 825 2700 mea
841 2636 990 2701 leoletur
1005 2657 1065 2720 per
1080 2638 1250 2714 feodatos,
1268 2639 1428 2704 videlicet

319 2764 379 2828 per
399 2743 567 2828 Mag’rum
588 2740 715 2805 Will’m
736 2741 778 2805 de
798 2740 912 2825 Clynt,
935 2741 1072 2825 Joh’em
1093 2741 1134 2805 de
1156 2742 1311 2828 Ingelby,
1332 2744 1428 2809 d'nm

320 2849 492 2913 Simonem
529 2847 571 2911 de
607 2846 745 2922 Carlele,
783 2852 817 2910 et
855 2846 992 2929 Joh'em
1029 2847 1141 2932 Pygot
1177 2848 1319 2912 tratrem
1356 2849 1428 2913 d’ni

320 2952 495 3035 Radulphi
519 2952 641 3036 Pygot,
666 2950 794 3026 militis,
818 2950 863 3014 ad
886 2951 1072 3015 terminum
1094 2951 1166 3015 vite
1188 2973 1248 3015 sue
1270 2953 1305 3016 in
1327 2953 1429 3017 certis

320 3057 417 3121 terris
438 3063 472 3120 et
495 3056 700 3119 tenementis
720 3055 804 3118 meis
825 3061 929 3138 prout
951 3055 985 3119 in
1006 3055 1214 3139 quibusdam
1236 3056 1429 3121 indenturis

318 3161 397 3225 inde
422 3160 586 3224 confectis
611 3159 744 3243 plenius
769 3159 976 3233 continetur,
1003 3159 1092 3222 inter
1116 3180 1170 3223 me
1196 3166 1230 3223 et
1256 3160 1429 3244 predictos

319 3266 478 3329 feoffatos
489 3264 567 3328 inde
578 3264 751 3328 confectis.
801 3263 991 3327 Residuum
1001 3284 1082 3327 vero
1094 3265 1248 3328 omnium
1258 3265 1429 3330 bonorum

318 3389 473 3433 meorum
494 3368 649 3452 superius
670 3389 739 3431 non
760 3367 962 3452 legatorum,
985 3368 1030 3432 do
1051 3374 1086 3432 et
1107 3368 1181 3453 lego
1202 3369 1308 3433 Alicie
1329 3370 1429 3434 vxori

318 3495 403 3549 mee,
428 3479 463 3537 et
487 3472 677 3556 predictam
701 3471 856 3548 Aliciam,
882 3471 1019 3554 Joh'em
1043 3472 1085 3535 de
1110 3472 1264 3558 Ingelby,
1291 3473 1429 3556 Joh'em

320 3579 459 3663 Pygott,
483 3577 656 3641 constituo
678 3582 877 3640 executores
899 3597 1003 3652 meos,
1027 3577 1077 3640 ita
1098 3578 1192 3661 quod
1214 3578 1289 3662 ipsi,
1314 3579 1427 3643 Deum

318 3704 377 3767 pre
398 3681 503 3746 oculis
523 3682 700 3756 habentes,
722 3680 906 3764 disponent
926 3701 988 3764 pro
1009 3681 1124 3745 anima
1138 3702 1221 3746 mea
1241 3703 1304 3746 suo
1324 3683 1429 3747 modo

318 3787 458 3852 meliori.
509 3786 711 3864 (Probatum
731 3791 783 3848 est
802 3805 863 3868 per
882 3785 1018 3868 Capua

318 3976 359 4054 65
379 3993 409 4036 v.
457 3967 544 4050 (253)
583 3965 693 4030 cona
727 3981 1049 4029 nocuaurxcroms
1088 3965 1273 4030 Caninius
1312 3982 1430 4030 ΒΕΑΤΕ

364 4074 486 4136 Maure
511 4071 680 4135 Vncms
704 4086 743 4132 ni
767 4068 942 4134 CAPELLA.

168 4248 243 4308 1369,
408 4227 525 4292 Sciant
564 4229 737 4308 presentes
776 4229 811 4287 et
850 4224 958 4288 futuri
997 4224 1090 4309 quod
1129 4245 1191 4309 ego
1230 4225 1346 4290 Dauid
1385 4225 1429 4290 de

131 4313 280 4373 ularch29.
320 4333 478 4407 Wollore,
500 4329 657 4405 Clericus,
679 4328 755 4392 ded.
778 4349 872 4391 conc.
895 4334 929 4391 et
950 4329 982 4392 h.
1005 4349 1038 4412 p.
1061 4350 1088 4393 c.
1111 4349 1156 4394 m.
1179 4330 1268 4395 conl.
1291 4329 1365 4394 Ade
1386 4331 1429 4395 de

322 4437 531 4520 Bondegate,
554 4439 720 4517 perpetuo
741 4431 925 4515 Capellano
946 4432 1063 4496 altaris
1085 4432 1136 4497 be.
1161 4434 1266 4498 Marie
1287 4435 1428 4519 virginis

319 4546 355 4609 in
382 4541 460 4606 eccl.
489 4538 605 4623 colleg.
635 4537 771 4620 Ripon',
801 4536 870 4600 duo
901 4537 1075 4621 mesuagia
1102 4559 1180 4603 cum
1207 4538 1276 4602 suis
1304 4540 1426 4622 pertin.

391 4722 397 4743 ¹
417 4715 474 4763 MS.
489 4713 539 4762 has
555 4710 697 4760 “condo”
798 4713 808 4734 ²
827 4709 911 4756 Sense
924 4712 974 4758 not
987 4710 1067 4758 clear.
1178 4717 1188 4748 3
1206 4711 1335 4762 Griseam.
1350 4726 1426 4776 grey.

318 4803 328 4834 ⁴
348 4799 380 4846 ln
394 4812 411 4846 a
423 4797 493 4845 later
507 4791 590 4841 hand.
