3392 5650
635 707 729 771 Acrs
753 724 798 771 or
821 706 1000 771 CHAPTER.
1312 720 1374 790 157

265 889 328 973 leg.
355 888 508 961 collatos,
535 894 569 950 te
594 887 629 951 in
654 907 835 970 personam
860 886 997 950 discreti
1021 886 1085 949 viri
1110 886 1240 950 domini
1265 885 1375 968 Joh'is

268 993 414 1067 Rednes,
444 990 628 1075 Capellani,
658 991 889 1074 procuratoris
917 990 968 1054 tui
996 990 1221 1054 sufficientem
1249 990 1283 1053 in
1311 991 1376 1054 hac

267 1103 365 1181 parte
409 1101 620 1180 potestatem
664 1095 833 1169 habentis,
880 1115 919 1159 ac
963 1094 1075 1178 ipsum
1120 1101 1376 1178 procuratorem

267 1202 404 1266 nomine
416 1207 478 1265 tuo
490 1200 719 1275 admittimus,
732 1200 872 1264 stallum
884 1199 919 1263 in
931 1199 1034 1262 choro
1046 1199 1158 1263 locum
1171 1199 1205 1263 in
1217 1198 1376 1282 Capitulo

267 1306 368 1371 dictis
391 1304 618 1370 Canonicatui
642 1310 676 1368 et
701 1304 876 1368 Prebende
900 1303 1110 1387 pertinentes
1134 1303 1197 1367 tibi
1216 1324 1260 1367 ac
1283 1303 1377 1367 dicto

268 1410 481 1495 procuratori
508 1409 645 1473 nomine
672 1414 733 1473 tuo
760 1408 983 1493 assignamus,
1011 1408 1192 1492 ipsumque
1218 1428 1377 1491 procura-

268 1522 378 1580 torem
415 1521 477 1579 tuo
512 1514 650 1577 nomine
686 1514 720 1578 in
757 1513 968 1597 corporalem
1004 1512 1250 1596 possessionem
1287 1512 1378 1575 dicte

269 1620 445 1684 Prebende
484 1639 562 1683 cum
601 1618 671 1681 suis
709 1618 841 1682 iuribus
879 1624 914 1680 et
953 1616 1172 1700 pertinenciis
1211 1617 1377 1681 vniuersis
1469 1667 1471 1671 .

268 1724 450 1790 actualiter
470 1723 679 1798 induximus,
700 1722 830 1786 iuribus
851 1728 885 1785 et
904 1722 1122 1787 libertatibus
1142 1728 1176 1786 et
1196 1727 1377 1786 consuetu-

268 1829 406 1910 dinibus
421 1828 548 1893 nostris
563 1835 597 1891 et
613 1827 750 1891 ecclesie
765 1832 881 1890 nostre
896 1847 1029 1910 semper
1043 1826 1156 1891 saluis.
1206 1827 1246 1891 ln
1261 1849 1289 1891 c.
1307 1847 1332 1891 r.
1351 1833 1374 1891 t.

268 1934 330 2018 sig.
353 1954 386 1997 n.
410 1953 496 2016 pres.
520 1937 571 1995 est
593 1951 794 2015 appensum.
842 1932 923 1995 Dat.
949 1931 1026 2015 Rip.
1050 1932 1084 1996 in
1106 1931 1160 1996 do.
1183 1931 1258 1996 n’ra
1280 1931 1377 2016 Capi-

270 2037 382 2112 tulari,
402 2036 733 2100 vicesimosecundo
752 2036 806 2099 die
825 2036 950 2100 mensis
969 2035 1099 2120 Marcij,
1119 2036 1220 2100 Anno
1239 2037 1377 2116 Domini

270 2141 448 2206 Millesimo
470 2140 813 2226 Quadringentesimo
834 2139 961 2205 Nono1

284 2307 372 2390 (231)
398 2306 595 2389 (Exchange
615 2304 651 2368 ol
670 2325 690 2367 a
709 2304 858 2387 chantry
877 2303 930 2368 for
949 2326 969 2368 a
988 2304 1162 2388 parochial
1186 2304 1367 2391 vicarage).

358 2449 447 2514 Acta
472 2448 593 2512 habita
619 2447 653 2511 in
679 2446 783 2510 domo
809 2445 998 2530 Capitulari
1023 2454 1149 2532 quarto
1174 2448 1229 2512 die
1254 2448 1379 2512 mensis

269 2554 415 2638 Augusti
444 2554 545 2616 Anno
576 2551 714 2616 Domini
744 2551 923 2615 Millesimo
952 2536 1239 2629 ecccmedecimo,
1265 2574 1380 2617 coram

270 2658 399 2744 Mag’ro
425 2657 575 2722 Will’mo
601 2655 737 2730 Cawod,
765 2655 937 2720 Canonico
963 2657 1201 2722 residenciario
1227 2658 1380 2723 eiusdem

269 2760 417 2837 ecclesie,
447 2766 481 2825 et
510 2760 591 2824 d'no
619 2759 719 2843 Joh’e
747 2759 789 2824 de
818 2761 925 2838 Deen,
956 2762 1181 2847 prebendario
1209 2763 1381 2848 prebende

272 2868 314 2931 de
341 2867 588 2957 Staynwygges
614 2864 852 2948 capitulariter
877 2868 1091 2955 congregatis
1117 2890 1157 2933 ac
1183 2868 1381 2952 Capitulum

271 2971 487 3045 facientibus,
504 2969 664 3034 dominus
679 2969 797 3052 Joh’es
822 2971 975 3047 Fullord,
1001 2973 1206 3057 Capellanus
1230 2974 1382 3038 cantarie

271 3076 315 3141 ad
338 3075 445 3140 altare
468 3074 533 3138 S'ci
556 3074 690 3138 Andree
714 3074 750 3138 in
773 3075 851 3140 eccl.
875 3076 1062 3159 predicta,²¹
1079 3085 1113 3141 et
1135 3077 1211 3142 d’ns
1234 3078 1383 3142 Rob'tus

272 3181 412 3264 Lytster
428 3179 514 3243 alias
531 3179 644 3243 dictus
662 3179 704 3242 de
718 3178 969 3265 Asmonderby,
983 3182 1130 3246 vicarius
1142 3182 1185 3247 de
1197 3182 1383 3259 Aluethle,³

274 3283 498 3348 Londinensis
519 3282 619 3358 dioc,
642 3291 909 3366 comparuerunt
930 3306 1045 3350 coram
1066 3286 1244 3351 Canonicis
1264 3308 1383 3371 supra·

272 3388 383 3464 dictis,
427 3393 615 3451 asserentes
657 3407 692 3451 se
733 3387 820 3451 velle
862 3409 924 3454 sua
966 3391 1131 3456 beneficia
1173 3398 1380 3476 permutare,

272 3493 428 3557 exhibita
450 3513 511 3576 per
532 3497 666 3575 partem
689 3492 759 3556 d'ni
782 3492 893 3574 Joh’is
915 3495 957 3559 de
980 3496 1122 3560 Fullord
1144 3497 1382 3562 commissione

272 3598 345 3662 d'ni
375 3597 623 3662 Londoniensis
653 3598 741 3681 Ep’i,
772 3598 844 3663 veri
874 3600 1011 3682 patroni
1041 3600 1166 3665 vicarie
1196 3601 1380 3678 antedicte,
1396 3618 1447 3681 Bp.
1471 3615 1583 3665 clifford

273 3704 460 3788 oblataque
481 3703 738 3786 presentacione
759 3703 889 3768 Thome
910 3703 953 3768 de
974 3705 1221 3791 Merkyngfeld,
1244 3706 1381 3789 patroni

274 3807 445 3883 Cantarie,
472 3806 647 3890 predictus
672 3827 732 3891 per
758 3807 951 3881 Robertum
976 3809 1168 3892 predictum
1194 3831 1234 3874 ac
1260 3810 1382 3891 deinde

274 3912 415 3997 negocio
443 3911 710 3995 permutacionis
738 3912 889 3998 legitime
918 3914 1115 3977 examinato
1145 3920 1179 3978 et
1209 3915 1381 3999 expedito

275 4016 489 4101 prestitoque
522 4017 715 4080 iuramento
748 4016 915 4101 corporali
948 4037 1008 4101 per
1040 4017 1171 4082 dictum
1205 4019 1383 4105 dominum

277 4122 469 4186 Robertum
488 4121 530 4185 de
548 4121 727 4185 seruiendo
746 4120 905 4186 Cantarie
923 4122 1075 4205 predicte
1093 4123 1281 4188 secundum
1299 4125 1382 4201 vim,

277 4226 434 4301 formam,
476 4232 511 4289 et
551 4225 713 4295 effectum
753 4225 981 4290 ordinacionis
1021 4227 1173 4292 eiusdem
1213 4228 1383 4306 Cantarie,

276 4329 491 4414 presentibus
516 4328 695 4392 Canonicis
720 4330 936 4413 supradictis,
963 4330 1045 4395 d’no
1069 4331 1148 4413 Joh.
1177 4331 1323 4409 RedneS,
1349 4340 1384 4398 et

277 4434 364 4517 alijs,
387 4435 476 4498 Acta
498 4433 647 4515 Capituli
669 4440 875 4498 emanarunt
898 4434 933 4498 in
954 4434 1065 4499 forma
1086 4455 1153 4519 que
1174 4437 1339 4521 sequitur.

349 4593 355 4615 ¹
376 4587 430 4636 For
443 4601 459 4636 a
473 4587 543 4635 later
556 4586 700 4636 induction
714 4585 743 4634 oi
757 4585 823 4634 ΚΡ.
839 4591 870 4635 to
883 4586 930 4634 the
944 4599 1019 4634 same
1039 4587 1169 4650 prebend,
1184 4602 1229 4636 see
1243 4589 1308 4638 Nos.
1324 4604 1383 4652 240,

277 4669 291 4703 2
316 4667 337 4702 1.

191 4726 194 4730 ¹
294 4669 311 4716 4
347 4752 358 4774 ²
378 4745 522 4794 Admitted
540 4747 659 4806 1398-9;
679 4759 723 4792 see
738 4745 802 4793 Nos.
819 4746 878 4802 266,
895 4747 953 4806 267,
969 4746 1028 4796 268.

348 4843 358 4875 ³
377 4837 492 4902 Alveley
504 4851 535 4886 or
548 4837 661 4903 Aveley‚
676 4837 704 4884 in
718 4838 813 4889 Essex,
