3392 5650
663 713 757 778 Acrs
780 732 825 779 or
849 713 1028 780 Canama.
1339 732 1400 799 135

292 912 352 956 seu
374 892 642 975 possessionibus
664 892 902 978 impignorare,
926 894 1083 970 vendere,
1106 915 1166 959 seu
1187 894 1311 979 quouis
1333 895 1605 961 a110rhechap1air

291 1018 509 1081 quocumque
534 997 637 1061 titulo
660 998 715 1061 vel
739 998 875 1082 ingenio
898 999 1142 1082 presumpserit
1166 1005 1287 1064 contra
1311 999 1399 1063 ordi·
1452 968 1571 1083 aiffiiie

292 1102 471 1165 necionem
484 1102 729 1185 supradictam,
744 1102 909 1187 quicquid
922 1103 957 1167 in
971 1103 1035 1167 hac
1048 1110 1147 1186 parte
1160 1109 1399 1187 presumptum
1443 1098 1579 1214 anlything

293 1205 395 1270 fuerit
419 1206 553 1271 irritum
577 1207 747 1271 habeatur
769 1213 804 1271 et
828 1208 939 1283 inane,
965 1213 999 1271 et
1023 1208 1116 1271 omni
1140 1213 1255 1272 careat
1279 1208 1399 1271 robore
1439 1168 1587 1281 betqqqrpg

292 1308 475 1373 firmitatis
525 1310 669 1393 Insuper
686 1310 831 1394 quilibet
849 1310 1053 1394 Capellanus
1072 1310 1106 1374 in
1125 1310 1219 1375 dicta
1237 1310 1399 1376 Cantaria
1449 1301 1577 1361 cnantry.

293 1413 525 1478 instituendus
546 1420 700 1497 tempore
721 1414 951 1479 institucionis
972 1435 1031 1478 sue
1052 1416 1248 1480 huiusmodi
1269 1422 1398 1500 prestet
1437 1390 1595 1522 Chffimq

293 1518 337 1581 ad
369 1524 489 1582 sancta
521 1519 585 1582 Dei
617 1519 805 1603 Euangelia
836 1519 1068 1584 iuramentum
1100 1520 1274 1603 corporale
1305 1517 1399 1604 quod
1475 1524 1551 1574 oath.

293 1622 408 1686 omnia
421 1627 455 1685 et
468 1622 600 1706 singula
616 1622 650 1685 in
666 1622 814 1705 presenti
828 1622 1045 1688 ordinacione
1058 1631 1232 1701 contenta,
1246 1632 1400 1689 cessante

293 1726 539 1810 impedimento
581 1726 743 1810 legitimo,
787 1726 933 1791 fideliter
974 1728 1172 1793 obseruabit
1215 1736 1249 1793 et
1292 1729 1400 1793 eciam

293 1831 505 1914 adimplebit.
553 1831 600 1894 Et
632 1830 748 1918 ‘dictus
783 1829 859 1894 d’ns
894 1831 1012 1913 Joh'es
1047 1832 1150 1915 Clynt
1185 1840 1220 1897 et
1255 1833 1400 1917 quilibet
1439 1850 1544 1912 charge
1557 1848 1585 1896 of

292 1956 464 1999 successor
502 1935 573 1999 eius
611 1934 814 2018 Capellanus
853 1934 1011 2000 Cantarie
1050 1937 1202 2020 predicte
1239 1938 1299 2021 qui
1338 1958 1400 2021 pro
1434 1930 1593 2033 ἕῇὲῇἕξζζ

293 2048 447 2123 tempore
464 2039 566 2103 fuerit
583 2039 694 2103 soluet
710 2038 851 2122 singulis
868 2040 966 2103 annis
983 2041 1082 2104 nobis
1099 2047 1134 2105 et
1151 2042 1400 2106 successoribus
1441 2049 1549 2098 Church
1562 2049 1591 2097 of

293 2145 418 2210 nostris
437 2145 471 2207 in
490 2144 842 2227 recompensacionem
861 2143 997 2208 lesionis
1015 2150 1049 2209 et
1068 2165 1130 2229 pro
1147 2145 1399 2229 indempnitate
1498 2115 1548 2164 ⁰‘k

293 2250 429 2314 ecclesie
452 2256 566 2313 nostre
588 2249 691 2312 Ebor.
715 2268 777 2331 pro
798 2247 900 2312 certis
923 2248 1106 2334 Mesuagijs
1128 2249 1219 2313 dicte
1241 2248 1401 2313 cantarie

293 2354 459 2419 concessis
486 2374 553 2437 que
580 2353 622 2416 de
648 2352 747 2417 nobis
775 2358 947 2429 tenentur,
976 2354 1062 2418 duos
1089 2353 1214 2417 solidos
1241 2353 1286 2417 ad
1313 2354 1403 2417 festa

294 2461 487 2524 Pentecost.
521 2465 556 2521 et
589 2458 655 2522 S'ci
688 2457 827 2522 Martini
860 2478 920 2541 per
951 2459 1088 2542 equales
1121 2458 1307 2542 porciones
1356 2460 1402 2523 Et
1442 2466 1507 2539 And,
1518 2465 1597 2513 usual

293 2571 407 2648 preter
450 2564 514 2627 hoc
559 2562 662 2626 faciet
706 2562 785 2625 inde
831 2562 1012 2626 annuatim
1057 2554 1269 2646 Capitalibus
1314 2563 1403 2628 d’nis
1424 2534 1605 2661 ῦζζῇᾗῖξὲ

293 2667 471 2732 feodorum
497 2666 632 2730 illorum
658 2666 774 2730 omnia
799 2666 866 2729 alia
891 2666 1034 2730 seruicia
1060 2666 1178 2731 debita
1203 2673 1238 2730 et
1264 2667 1306 2731 de
1331 2667 1403 2731 iure
1464 2664 1570 2713 offees.

293 2779 467 2839 consueta.
515 2770 613 2835 Vnde
646 2791 708 2835 nos
741 2770 918 2853 Johannes
950 2769 1152 2855 Archiep'us
1184 2761 1404 2856 supradictus

293 2878 465 2944 laudabile
495 2877 710 2961 propositum
740 2875 806 2939 d’ci
836 2875 908 2939 d’ni
938 2875 1053 2940 Dauid
1083 2876 1117 2939 in
1147 2876 1297 2940 Domino
1326 2898 1405 2940 con·
1432 2890 1605 2968 areimishop

294 2984 513 3068 templantes
535 3003 575 3046 ac
595 2981 750 3044 volentes
770 3001 810 3044 ea
830 3001 897 3064 que
918 2979 1025 3044 diuini
1047 2980 1160 3044 cultus
1181 2986 1405 3064 augmentum
1454 2957 1592 3088 ὲξζζῗνῖζ

294 3094 329 3152 et
357 3088 504 3152 salutem
533 3086 719 3170 respiciunt
748 3086 952 3160 animarum,
982 3084 1098 3167 pronis
1127 3084 1301 3148 desideriis
1329 3106 1405 3168 pro

294 3212 442 3267 mouere,
461 3190 623 3274 inspectis
641 3195 738 3254 carta
755 3189 838 3253 dicti
857 3188 928 3252 d'ni
947 3188 1062 3252 Dauid
1079 3194 1114 3252 et
1132 3177 1273 3252 licencia
1290 3188 1324 3252 in
1342 3189 1406 3253 hac

293 3302 392 3380 parte
414 3296 552 3370 habitis,
576 3316 616 3358 ac
638 3294 712 3359 aliis
734 3301 768 3358 et
790 3293 931 3378 singulis
952 3293 988 3356 in
1010 3291 1229 3357 ordinacione
1252 3292 1406 3377 predicta

293 3401 476 3476 contentis,
497 3421 600 3484 super
619 3399 745 3483 quibus
765 3399 925 3462 omnibus
945 3397 1066 3461 habita
1087 3417 1165 3460 cum
1186 3397 1267 3461 iuris
1287 3397 1406 3481 peritis

293 3505 540 3570 deliberacione
578 3512 726 3579 matura,
765 3502 944 3586 causisque
982 3503 1016 3565 in
1054 3502 1148 3565 dicta
1186 3501 1407 3566 ordinacione

293 3611 453 3676 discussis
483 3615 518 3673 et
549 3609 664 3673 debite
695 3607 905 3692 ponderatis,
938 3626 1124 3690 eorumque
1156 3606 1337 3670 voluntate
1368 3614 1402 3671 et

293 3735 433 3780 assensu
467 3734 614 3799 quorum
648 3713 684 3776 in
718 3713 782 3776 hoc
816 3732 898 3775 casu
933 3711 1074 3775 interest
1109 3710 1401 3786 concurrentibus

292 3820 422 3884 dictam
455 3818 653 3884 Cantariam
687 3823 721 3880 et
754 3816 826 3881 eius
860 3814 1114 3878 ordinacionem
1147 3835 1187 3877 ac
1220 3814 1335 3878 omnia
1368 3821 1402 3878 et

291 3925 424 4009 singula
452 3924 487 3988 in
515 3924 590 4007 ipsa
618 3921 835 3985 ordinacione
863 3925 1038 3994 contenta,
1067 3923 1239 4002 quantum
1268 3919 1312 3982 ad
1340 3939 1403 3982 nos

292 4029 430 4104 attinet,
446 4034 676 4112 acceptamus
692 4032 727 4089 et
740 4046 781 4089 ea
794 4024 910 4089 omnia
923 4029 958 4086 et
971 4022 1115 4107 singula,
1130 4027 1234 4106 prout
1247 4022 1402 4106 superius

292 4135 491 4209 recitantur,
523 4132 594 4196 fieri
626 4138 661 4195 et
691 4135 859 4215 perpetuo
889 4128 924 4192 in
955 4128 1024 4192 suis
1054 4127 1184 4190 viribus
1215 4127 1399 4203 obseruari,

291 4238 488 4313 statuimus,
511 4235 734 4310 decemimus
758 4239 793 4298 et
819 4233 1016 4307 diffinimus,
1043 4251 1151 4315 eaque
1179 4231 1399 4307 ratificamus,

291 4344 534 4427 approbamus,
575 4348 610 4405 et
650 4339 858 4405 auctoritate
897 4342 1015 4401 nostra
1054 4335 1243 4420 pontificali
1282 4341 1400 4400 tenore

291 4448 504 4533 presencium
533 4446 799 4519 confirmamus;
825 4442 928 4507 Saluo
957 4441 1056 4506 nobis
1086 4445 1120 4504 et
1149 4440 1400 4505 successoribus
1414 4453 1604 4530 andcqnfirms

291 4553 417 4618 nostris
435 4553 469 4616 in
488 4549 842 4634 recompensacionem
862 4545 996 4610 lesionis
1015 4550 1049 4608 et
1068 4565 1130 4629 pro
1147 4544 1400 4628 indempnitate
1414 4521 1605 4652 iniiddiiiyt⁰0

291 4658 428 4722 ecclesie
459 4663 574 4721 nostre
609 4655 712 4719 Ebor.
741 4652 938 4736 supradicte
969 4670 1084 4715 annuo
1118 4669 1221 4713 censu
1252 4649 1399 4714 duomm
1415 4667 1451 4701 2s.
1464 4658 1494 4702 to
1505 4631 1605 4704 churci

291 4762 477 4828 solidomm
514 4761 606 4825 vltra
643 4759 827 4844 antiquum
865 4755 1038 4822 redditum
1078 4755 1139 4838 (58)
1184 4759 1219 4818 et
1256 4754 1399 4819 seruicia
1449 4720 1478 4768 οἱ
1491 4721 1576 4779 York,
