3392 5650
403 730 467 796 ²5².
692 716 770 782 Tira
796 718 953 785 luoriax
976 721 1223 789 quuscxirr.

402 893 529 978 quibus
556 894 598 958 de
626 896 714 960 festo
741 898 1000 975 celebrauerint,
1029 902 1230 966 memoriam
1258 909 1293 967 et
1321 905 1515 971 oracionem

402 998 584 1081 specialem
599 999 633 1063 in
647 1000 759 1065 missis
772 1003 842 1066 suis
857 1024 919 1088 pro
933 1004 1044 1069 salute
1058 1011 1093 1069 et
1107 1011 1204 1071 statu
1217 1007 1345 1072 salubri
1360 1009 1515 1074 omnium

403 1102 636 1186 predictorum
662 1104 746 1169 dum
765 1105 916 1176 vixerint
935 1114 970 1172 et
994 1109 1175 1174 animabus
1194 1112 1381 1177 eorundem
1406 1134 1516 1199 quum

403 1206 448 1270 ab
468 1206 533 1270 hac
553 1207 627 1271 luce
648 1207 870 1293 migrauerint
892 1212 1022 1277 faciant
1042 1214 1216 1297 speciales
1265 1216 1311 1280 Et
1332 1216 1366 1281 in
1387 1224 1516 1283 euentu

402 1331 472 1394 quo
514 1312 694 1396 contingat
740 1315 835 1398 quod
882 1316 1086 1401 Capellanus
1133 1319 1329 1385 huiusmodi
1372 1328 1515 1406 propter

402 1421 532 1480 etatem
552 1415 763 1501 decrepitam
782 1425 843 1483 aut
864 1419 1046 1486 aduersam
1065 1422 1301 1489 valetudinem
1320 1446 1380 1490 seu
1395 1446 1515 1491 casum

402 1519 507 1585 alium
530 1521 699 1585 celebrare
721 1543 790 1587 non
813 1524 940 1600 valeat,
965 1526 1059 1590 dicat
1082 1532 1166 1591 tunc
1187 1528 1313 1594 cotidie
1335 1529 1363 1594 si
1386 1530 1513 1614 poterit

401 1631 534 1708 septem
554 1625 704 1709 psalmos
717 1624 968 1710 'penitenciales
987 1651 1066 1694 cum
1086 1631 1214 1697 letania
1234 1654 1274 1697 ac
1293 1635 1513 1699 commenda-

401 1730 508 1805 cione,
523 1736 557 1794 et
570 1730 751 1795 seruicium
764 1752 827 1816 pro
840 1734 1023 1799 animabus
1035 1742 1251 1802 mortuorum
1264 1737 1512 1822 supradictum.
1554 1765 1559 1772 ·

490 1925 582 1990 Volo
608 1926 755 2005 insuper
775 1933 810 1991 et
835 1927 986 1991 concedo
1007 1948 1070 2012 pro
1089 1948 1143 1992 me
1163 1935 1198 1992 et
1217 1930 1398 1995 heredibus
1417 1932 1513 2008 meis

401 2031 495 2115 quod
509 2052 570 2116 ego
584 2037 619 2095 et
633 2032 773 2095 heredes
786 2032 854 2096 mei
868 2031 1014 2115 predicti
1028 2033 1241 2117 mesuagium
1255 2034 1289 2098 in
1304 2034 1512 2112 Clotherom,

401 2140 469 2199 tres
489 2156 585 2200 acras
604 2136 706 2220 prati,
727 2136 907 2221 sexaginta
927 2143 962 2200 et
981 2137 1153 2201 sexdecim
1172 2137 1338 2202 solidatas
1357 2139 1513 2205 redditus

399 2262 478 2305 cum
502 2240 625 2324 pertin.
651 2241 685 2305 in
709 2241 799 2305 villis
822 2240 865 2305 de
889 2240 1085 2305 Clotherom
1109 2247 1144 2306 et
1168 2241 1294 2327 Ripon’
1319 2242 1362 2308 de
1384 2244 1513 2329 quibus

399 2344 614 2430 premittitur
628 2345 782 2429 predicto
798 2345 880 2409 d’no
896 2345 1047 2410 Will’mo
1062 2346 1247 2431 Capellano
1263 2352 1297 2410 et
1313 2349 1512 2413 successori-

256 2453 315 2501 The
400 2451 465 2514 bus
482 2449 552 2513 suis
570 2449 763 2533 Capellanis
780 2456 902 2514 contra
920 2470 1040 2514 omnes
1057 2456 1177 2534 gentes
1194 2452 1507 2529 warantizabimus
1600 2468 1605 2481 ·

194 2521 376 2635 Ρξξὲξὲᾇῖἲῃ
400 2554 711 2629 manutenebimus
741 2560 775 2618 et
803 2554 1059 2637 imperpetuum
1086 2554 1321 2632 defendemus
1350 2577 1390 2620 ac
1417 2556 1512 2622 dicta

192 2653 385 2716 ²¹⁰P⁶fty³¹¹d
400 2659 574 2743 mesuagia
602 2665 637 2722 et
665 2658 830 2734 redditus,
860 2678 992 2722 necnon
1021 2658 1151 2723 dictam
1180 2658 1365 2744 Capellam,
1394 2660 1509 2738 libros

191 2719 385 2851 gopqquqqyeue
399 2763 530 2840 calices
568 2768 603 2827 et
639 2763 859 2839 vestimenta,
897 2783 1033 2848 panem,
1070 2763 1202 2840 vinum,
1239 2763 1432 2842 luminaria,
1470 2786 1511 2832 ac

396 2875 510 2933 cetera
555 2874 759 2933 ornamenta
804 2888 1022 2953 quecumque
1067 2868 1112 2932 ad
1158 2867 1289 2933 dictam
1335 2869 1510 2954 Capellam

396 2972 593 3055 speetancia
626 2973 839 3037 inueniemus
873 2978 908 3035 et
941 2972 1049 3036 eciam
1080 2972 1364 3049 sustentabimus
1389 2979 1424 3038 et
1457 2995 1508 3051 ea,

396 3097 559 3161 quociens
580 3097 615 3140 in
637 3082 712 3140 toto
734 3076 789 3141 vel
810 3077 845 3141 in
867 3082 966 3161 parte
986 3076 1245 3141 construccione
1266 3077 1453 3142 reieccione
1474 3085 1510 3143 et

397 3180 615 3266 reparacione
650 3181 685 3244 in
718 3187 924 3266 coopertura
957 3201 1017 3245 seu
1052 3180 1118 3245 alio
1152 3181 1257 3245 modo
1290 3202 1509 3267 quocumque

194 3274 367 3322 Inventories
398 3284 615 3370 indiguerint,
641 3285 815 3350 emendari
835 3284 1000 3349 faciemus
1019 3291 1054 3348 et
1073 3284 1181 3349 eciam
1201 3285 1362 3370 reparari,
1380 3287 1508 3351 nostris
1582 3350 1585 3355 .

192 3345 224 3390 to
242 3342 277 3390 be
293 3340 369 3404 kept.
521 3389 526 3400 ,
811 3389 817 3399 ,

397 3389 596 3473 sumptibus
620 3394 655 3452 et
679 3409 847 3473 expensis

487 3581 540 3644 De
576 3580 707 3658 quibus
728 3579 868 3663 quidem
889 3580 1100 3644 ornamentis
1120 3580 1164 3644 ad
1184 3579 1314 3644 dictam
1331 3580 1506 3665 Capellam

395 3685 645 3770 spectantibus,
672 3683 752 3748 volo
777 3690 812 3748 et
840 3684 962 3749 ordino
992 3684 1087 3768 quod
1118 3683 1263 3768 quilibet
1301 3683 1505 3768 Capellanus

395 3790 455 3875 qui
478 3810 540 3874 pro
564 3795 718 3873 tempore
741 3788 845 3852 fuerit
869 3787 904 3852 in
928 3788 1022 3853 dicta
1046 3787 1194 3872 Capella,
1213 3794 1296 3853 ante
1314 3788 1502 3865 decessum,

396 3894 593 3968 cessionem,
638 3913 698 3956 seu
742 3892 956 3957 amocionem
1003 3913 1113 3968 suam,
1159 3892 1319 3956 conficiat
1368 3893 1504 3958 fidelem

397 3998 627 4072 indenturam,
652 3996 748 4060 cuius
771 4017 841 4060 vna
865 4016 944 4080 pars
968 4016 1071 4080 penes
1094 4016 1149 4060 me
1173 4003 1207 4060 et
1231 3996 1372 4060 heredes
1397 4017 1502 4073 meos

197 4115 255 4163 The
275 4114 364 4177 chap·
397 4109 432 4167 et
449 4103 516 4167 alia
533 4122 636 4186 penes
654 4101 810 4165 futurum
827 4101 1043 4186 capellanum
1061 4105 1237 4178 remaneat
1254 4101 1501 4166 conseruanda.

191 4182 270 4230 ’ὡς
292 4182 368 4230 ⁰³th'
396 4208 483 4272 Volo
522 4207 661 4290 insuper
700 4211 735 4268 et
775 4205 897 4269 ordino
933 4225 993 4289 per
1026 4211 1200 4289 presentes
1232 4204 1327 4289 quod
1356 4205 1503 4290 quilibet

395 4312 598 4396 Capellanus
642 4310 677 4373 iii
722 4309 816 4374 dicta
859 4309 1015 4374 cantaria
1067 4308 1300 4374 instituendus
1347 4316 1502 4394 tempore

392 4415 622 4480 institucionis
656 4434 716 4478 sue
750 4413 947 4479 huiusmodi
981 4413 1026 4478 ad
1059 4419 1180 4477 sancta
1215 4413 1279 4477 Dei
1314 4413 1503 4498 Euangelia

390 4520 623 4584 iuramentum
642 4524 793 4602 prestet¹
815 4518 989 4602 corporale
1008 4517 1102 4601 quod
1121 4518 1237 4581 omnia
1256 4524 1291 4582 et
1310 4517 1445 4603 singula
1467 4518 1502 4583 in

390 4625 539 4709 presenti
558 4622 776 4687 ordinacione
794 4643 873 4687 mea
890 4628 1055 4687 contenta
1073 4621 1220 4686 fideliter
1237 4623 1447 4699 obseruabit,
1466 4629 1502 4686 et

461 4833 469 4856 ¹
488 4828 545 4877 MS.
559 4827 610 4876 bas
625 4832 640 4849 ‘¹
651 4823 788 4891 prestat.”
