3392 5650
186 3508 254 3549 raro.

143 3565 190 3614 Est
205 3567 229 3614 in
242 3584 315 3616 cera.

338 663 376 704 22
611 644 693 706 Tur:
721 645 875 707 [senem-
902 645 1161 710 llnxuscnn’r.

334 837 374 878 ac
405 816 512 879 eciam
547 816 579 879 in
620 818 785 882 omnibus
818 819 917 884 terris
947 833 980 883 et
1011 820 1218 884 tenementis
1249 820 1437 884 eorundem

336 913 484 979 illibatis
528 928 562 979 et
607 916 811 982 Conuentus
843 919 876 980 in
912 918 994 982 villa
1032 919 1172 1003 Rypon'
1211 919 1440 983 existentibus

333 1013 553 1098 distringere,
598 1031 630 1079 et
670 1016 909 1082 districciones
956 1018 1155 1082 huiusmodi
1198 1018 1369 1082 abducere
1407 1032 1441 1082 et

336 1114 491 1188 retinere,
511 1137 695 1198 quousque
716 1117 758 1181 dc
780 1117 933 1200 predicto
950 1139 1056 1183 censu
1073 1119 1221 1182 duorum
1246 1117 1437 1182 solidorum

334 1227 366 1276 et
397 1235 456 1277 sex
488 1215 708 1279 denariorum
740 1217 881 1281 nomine
914 1216 1011 1281 firme
1044 1216 1193 1299 predicte
1221 1216 1271 1280 sic
1298 1229 1334 1279 vt
1366 1237 1440 1299 pre-

336 1312 480 1376 mittitur
495 1336 515 1376 a
541 1328 629 1379 retro
652 1316 831 1390 existente,
861 1339 928 1379 vna
952 1338 1030 1381 cum
1056 1316 1243 1400 arreragiis
1266 1315 1435 1393 eiusdem,

334 1433 374 1475 ac
405 1412 568 1496 dampnis
598 1427 632 1477 et
661 1416 826 1498 expensis
857 1438 898 1479 ea
929 1416 1112 1480 occasione
1144 1415 1242 1480 factis
1277 1415 1439 1498 predictis

335 1513 593 1577 venerabilibus
625 1515 707 1579 viris
733 1564 739 1578 .
770 1564 777 1578 .
811 1516 975 1599 Capitulo
1006 1516 1150 1581 ecclesie
1176 1515 1351 1598 prelibate,
1380 1535 1440 1598 per

335 1611 445 1675 dictos
478 1613 649 1678 Abbatem
682 1629 715 1679 et
746 1630 958 1679 conuentum
987 1616 1046 1699 qui
1080 1627 1161 1679 sunt
1189 1627 1222 1679 et
1248 1627 1350 1679 erunt
1377 1635 1439 1697 pro

336 1724 500 1793 tempore,
523 1713 675 1795 plenarie
692 1713 792 1777 fuerit
809 1714 1049 1778 satisfactum:
1074 1714 1215 1798 Jnribus
1238 1728 1270 1778 et
1294 1735 1440 1778 consue-

335 1809 514 1874 tudinibus
545 1811 634 1876 dicte
665 1814 809 1877 ecclesie
839 1814 979 1899 Rypon’
1011 1836 1051 1878 ac
1081 1814 1287 1898 priuilegiis,
1322 1814 1439 1877 ludul-

335 1909 480 1992 geuciis,
517 1923 550 1974 et
588 1913 902 1977 consuetudinibus
943 1914 1145 1978 blonasterii
1185 1914 1227 1977 de
1268 1912 1438 1977 Fontibus

336 2011 514 2074 memorati
542 2012 575 2073 in
601 2012 765 2076 omnibus
789 2014 868 2076 aliis
892 2035 1030 2096 semper
1053 2014 1172 2077 saluis.
1225 2014 1262 2076 ln
1288 2034 1436 2095 quorum

334 2110 569 2174 testimonium
597 2159 604 2174 .
633 2160 640 2174 .
672 2112 744 2176 Nos
769 2113 891 2177 Abbas
915 2131 948 2178 et
972 2113 1176 2178 Conuentus
1200 2113 1242 2177 dc
1269 2112 1439 2177 Fontibus

335 2209 488 2290 predicti,
536 2212 620 2294 parti
672 2212 860 2277 ludenture
907 2234 1013 2296 penes
1059 2213 1187 2278 dictum
1236 2213 1436 2296 Capitulum

334 2311 523 2374 remanenti
543 2311 709 2395 Sigillum
730 2327 886 2376 nostrum
904 2334 1089 2377 commune
1106 2312 1347 2395 apposuimus.

334 2460 380 2509 10.
433 2448 511 2511 l)at.
534 2449 566 2511 in
585 2448 748 2532 Capitulo
767 2464 885 2514 nostro
907 2451 949 2515 de
976 2450 1156 2525 Fontibus,
1177 2450 1232 2514 die
1252 2449 1438 2513 l)ominica

334 2569 429 2630 prox.
463 2562 543 2611 ante
582 2548 706 2613 festum
743 2550 863 2613 Sancti
903 2549 1054 2633 Dionisij
1090 2550 1190 2613 Mart.
1226 2570 1321 2613 anno
1355 2548 1436 2611 D'ni

335 2646 458 2711 Mill'io
483 2662 582 2712 ccc¹¹¹⁰
605 2649 877 2733 quadragesimo
901 2664 1009 2714 sexto.
1065 2650 1107 2713 Et
1132 2670 1206 2724 nos,
1235 2648 1436 2731 Capitulum

331 2747 474 2812 ecclesie
525 2747 664 2833 Rypon'
705 2763 933 2813 memoratum
975 2750 1059 2833 parti
1104 2749 1291 2812 ludenture
1332 2769 1437 2832 penes

331 2849 441 2912 dictos
488 2847 660 2912 Abbatem
704 2862 737 2912 et
782 2863 994 2914 conuentum
1044 2849 1234 2914 remanenti
1278 2849 1435 2931 sigillum

333 2960 487 3012 nostrum
511 2949 752 3030 apposuimus.
805 2951 885 3012 Dat.
915 2949 947 3012 in
973 2950 1078 3013 domo
1105 2963 1219 3013 nostra
1245 2948 1435 3030 Capitulari

335 3046 475 3132 Rypon'
492 3047 548 3110 die
568 3048 754 3112 Dominica
772 3069 869 3131 prox.
890 3063 970 3112 ante
991 3048 1114 3112 festum
1134 3048 1251 3112 Sancti
1274 3047 1435 3131 llyonisii

335 3146 497 3223 lllartiris,
528 3167 622 3210 anno
653 3147 796 3211 Domini
831 3148 1018 3211 millesimo
1042 3161 1141 3212 ccc¹¹¹0
1164 3146 1436 3231 quadragesimo

331 3260 439 3310 sexte.

331 3385 401 3461 (18)
427 3383 520 3444 Atra
541 3400 764 3446 conrosrcro
785 3400 832 3445 or:
850 3384 1132 3446 Staxrxorouu
1151 3400 1193 3444 ur
1211 3382 1432 3446 Gntnncna.

421 3505 496 3570 Hee
528 3520 578 3570 est
605 3506 819 3588 composicio
847 3505 935 3569 facta
963 3518 996 3570 et
1021 3505 1196 3588 perpetuis
1220 3506 1435 3588 temporibus

331 3606 551 3669 obseruanda
571 3605 659 3669 inter
682 3606 862 3670 ecclesiam
881 3607 1009 3670 Sancte
1028 3605 1138 3669 Marie
1154 3606 1197 3669 de
1216 3604 1386 3670 Fontibus
1403 3618 1436 3669 et

331 3705 511 3768 eeclesiam
551 3705 670 3769 Sancti
711 3703 867 3768 Willridi
906 3706 949 3769 de
991 3705 1143 3788 Rypon',
1185 3705 1306 3781 silicet,
1341 3705 1434 3787 quod

330 3805 475 3868 ecelesia
492 3804 533 3867 de
553 3804 723 3868 Fontibus
740 3804 908 3868 immunis
924 3805 987 3868 erit
1002 3827 1023 3867 a
1037 3805 1274 3887 praestacione
1286 3805 1435 3869 decima-

332 3924 406 3966 rum
426 3903 680 3986 imperpetuum
698 3904 740 3968 de
758 3905 923 3969 omnibus
946 3904 1043 3968 terris
1068 3925 1156 3986 quas
1180 3904 1244 3987 ipsi
1272 3904 1433 3968 monachi

330 4002 373 4066 de
391 4002 562 4067 Fontibus
580 4003 729 4086 propriis
746 4004 925 4068 laboribus
942 4005 995 4068 vel
1021 4003 1219 4086 sumptibus
1243 4003 1435 4085 aliquando

330 4101 544 4166 excoluerint
568 4102 601 4164 in
627 4103 797 4167 territorio
820 4104 863 4166 de
888 4103 1138 4188 Slenyngford,
1158 4116 1191 4168 et
1210 4104 1252 4167 de
1269 4104 1434 4167 omnibus

331 4202 428 4266 terris
444 4203 487 4265 ad
505 4203 690 4287 grangiam
709 4225 807 4267 suam
825 4203 868 4267 de
886 4203 1065 4268 Galhache
1081 4203 1330 4287 spectantibus,
1346 4226 1435 4286 quas

332 4302 527 4367 habuerunt
544 4303 577 4365 in
596 4303 766 4368 territorio
787 4304 829 4367 de
847 4302 1070 4388 Wynkeslay
1093 4324 1187 4368 anno
1208 4305 1253 4367 ab
1278 4303 1434 4367 incarna-

330 4402 429 4466 cione
457 4401 536 4465 l)’ni
565 4403 754 4467 illillesimo
778 4418 831 4467 cc0
853 4401 938 4485 xvjo.
985 4402 1174 4466 Sciendum
1199 4415 1313 4467 autem
1340 4405 1433 4485 quod

331 4501 490 4565 monachi
514 4500 556 4566 de
574 4501 772 4578 FontibuS,¹
795 4516 863 4565 tam
891 4503 924 4564 in
950 4503 1120 4567 territorio
1144 4504 1186 4568 de
1212 4503 1433 4587 Wynkeslay

394 4658 399 4679 ¹
419 4654 500 4700 Some
524 4653 590 4700 suclr
613 4654 702 4700 words
720 4669 752 4700 as
773 4653 835 4700 “de
855 4653 979 4700 omnibus
998 4653 1076 4700 terris
1087 4652 1099 4667 '¹
1119 4670 1193 4701 seerrr
1212 4662 1240 4702 lo
1259 4653 1292 4700 be
1312 4654 1433 4716 wanting

327 4733 400 4791 herc,
415 4739 444 4780 to
455 4746 542 4795 agree
555 4731 617 4779 witlr
633 4735 650 4757 ‘⁶
660 4731 824 4789 sumendis,''
833 4730 892 4797 just
904 4733 1000 4780 below.
