3392 5650
627 744 721 812 Acrs
744 765 790 813 or
813 746 992 815 Chaerea.
1302 766 1365 835 279

255 926 406 990 salubria
432 927 467 991 in
491 927 559 991 ista
582 928 831 992 conuocacione
858 929 1006 1013 generali
1033 935 1174 1014 propter
1200 930 1364 994 honorem

256 1031 320 1095 Dei
332 1037 367 1095 et
380 1031 487 1096 diuini
498 1032 611 1096 cultus
622 1040 847 1117 augmentum
860 1033 894 1097 in
908 1033 1002 1098 dicta
1015 1034 1167 1098 Ecclesia
1178 1034 1365 1119 Collegiata

255 1136 415 1200 habenda
446 1136 661 1212 ordinarunt,
694 1143 904 1213 statuerunt,
935 1144 970 1201 et
1003 1139 1228 1204 decreuerunt
1260 1145 1364 1223 prout

254 1240 418 1324 sequitur.

344 1382 358 1444 Ι
444 1381 450 1392 .
493 1381 499 1391 .
796 1382 802 1393 .
849 1383 854 1394 .
1114 1384 1119 1395 .
1344 1384 1349 1395 ·
1404 1353 1462 1401 The
1477 1354 1552 1417 High

361 1403 384 1445 n
400 1401 519 1465 primis
535 1387 709 1446 statutum
726 1388 777 1446 est
795 1403 829 1446 m
846 1389 914 1447 rsta
931 1383 1188 1449 Conuocacrone
1204 1384 1362 1469 generali,
1396 1421 1476 1469 Altar
1489 1424 1520 1470 to
1532 1420 1566 1468 be

254 1486 348 1569 quod
382 1506 556 1551 summum
592 1487 700 1551 altare
735 1488 770 1551 in
805 1488 909 1551 choro
944 1488 1096 1552 eiusdem
1132 1488 1269 1552 ecclesie
1304 1509 1364 1572 per
1399 1487 1555 1602 rczvrggeffiy

255 1590 429 1654 ministros
452 1591 604 1654 eiusdem
627 1591 671 1655 ad
694 1592 758 1655 hoc
780 1592 967 1676 deputatos
989 1593 1229 1657 venerabiliter
1250 1600 1363 1657 custo·
1395 1621 1450 1669 and
1464 1633 1532 1669 once
1545 1635 1562 1669 a

254 1694 370 1758 diatur
394 1694 438 1759 ad
461 1695 599 1759 laudem
624 1694 698 1770 Dei,
724 1700 758 1758 et
782 1697 876 1780 quod
900 1698 1004 1761 semel
1028 1698 1062 1761 in
1087 1697 1280 1762 ebdomada
1303 1702 1364 1782 per
1388 1686 1568 1816 subblbdbby

254 1799 518 1864 Thesaurarium
546 1819 606 1863 seu
634 1798 706 1864 eius
734 1799 942 1883 deputatum
971 1802 1113 1867 honeste
1141 1801 1300 1867 videatur
1328 1808 1362 1866 et
1376 1820 1424 1868 the
1432 1819 1581 1896 rreasurer

254 1904 465 1979 obseruetnr,
504 1909 577 1968 tam
614 1904 648 1968 in
684 1905 910 1970 luminaribus
946 1927 1052 1990 quam
1088 1906 1196 1971 eciam
1232 1907 1363 1971 Iocione
1418 1885 1535 2015 Iibbgasu

254 2008 523 2084 linthiaminum,
563 2016 597 2072 et
636 2009 791 2073 omnium
830 2009 975 2074 aliorum
1013 2011 1279 2075 necessariorum
1319 2010 1363 2075 ad
1403 2034 1555 2081 necessary.

254 2112 448 2196 predictum
469 2113 576 2176 altare
597 2112 857 2197 pertinencium,
880 2119 914 2177 et
934 2113 1114 2197 presertim
1134 2114 1227 2198 quod
1247 2114 1363 2178 lumen
1377 2086 1579 2217 efigsscsssslsslgfhee

255 2216 418 2281 continue
436 2218 607 2282 habeatur
624 2237 739 2281 coram
759 2216 991 2283 Sacramento.
1394 2220 1557 2335 Sacrlllnlent

346 2372 444 2447 Item,
475 2377 649 2438 statutum
678 2379 729 2437 est
758 2372 853 2457 quod
881 2372 1074 2456 psalmodia
1102 2392 1181 2436 cum
1210 2373 1301 2437 bona
1330 2378 1364 2436 et
1390 2379 1448 2427 The
1465 2380 1569 2443 psalms

256 2497 406 2561 congrua
429 2497 538 2560 pausa
562 2480 606 2541 ab
630 2478 790 2541 omnibus
812 2476 977 2540 ministris
1001 2476 1095 2541 chori
1118 2476 1160 2540 de
1184 2482 1297 2540 cetero
1321 2476 1365 2540 ad
1379 2445 1581 2562 cffiffith

256 2581 394 2645 laudem
413 2581 478 2645 Dei
497 2588 532 2645 et
550 2582 773 2647 deuocionem
792 2580 1010 2646 audiencium
1028 2580 1304 2664 psalmodizetur.
1397 2579 1564 2708 thbabrsoeper

347 2734 409 2817 (98)
431 2734 530 2809 Item,
548 2739 723 2798 statutum
739 2740 791 2797 est
807 2733 902 2818 quod
918 2732 1092 2817 Campane
1108 2753 1168 2817 per
1187 2734 1366 2797 sacristam
1380 2736 1437 2785 The
1450 2737 1518 2785 bells
1535 2750 1582 2785 are

259 2839 264 2850 .
375 2838 381 2849 .
550 2839 556 2849 .
1283 2839 1288 2849 .
1398 2808 1428 2854 to
1443 2804 1476 2853 be
1487 2803 1563 2866 daily

257 2860 291 2902 m
309 2839 401 2902 horis
418 2859 576 2923 congruis
594 2844 628 2902 et
646 2858 707 2922 per
724 2843 862 2922 tempus
879 2843 1083 2902 consuetum
1101 2838 1146 2902 ad
1163 2844 1364 2920 matutmas,
1389 2885 1459 2934 rung
1471 2870 1511 2933 by
1524 2870 1571 2919 the

256 2943 414 3028 primam,
443 2943 593 3018 missam,
623 2963 793 3027 vesperas,
822 2947 857 3005 et
884 2941 1097 3026 ignitegium,
1127 2947 1200 3006 tarn
1227 2947 1368 3025 propter
1380 2942 1479 3053 ⁵2>thss
1488 2939 1524 3052 ἓξ
1525 2937 1581 3052 3¹8⁸

190 3034 193 3038 ’
257 3048 432 3112 ministros
454 3047 591 3111 ecclesie
613 3067 719 3131 quam
741 3047 935 3131 peregrinos
957 3045 1134 3109 venientes
1156 3052 1190 3110 et
1213 3019 1551 3134 temporepmlludmg
1574 3043 1580 3060 ’

257 3151 393 3216 estiuali
412 3157 446 3215 et
465 3151 591 3233 yemali
609 3151 725 3215 debite
743 3151 932 3235 pulsentur.
1365 3199 1367 3204 .
1425 3137 1535 3186 curfew.

346 3307 446 3381 Item,
478 3311 652 3370 statutum
683 3312 735 3369 est
765 3305 860 3390 quod
890 3326 1009 3369 omnes
1039 3305 1186 3373 ministri
1218 3305 1367 3370 Ecclesie
1382 3310 1424 3358 Au
1443 3309 1582 3358 mtnisters

256 3409 316 3493 qui
352 3414 513 3473 tenentur
547 3408 638 3472 horis
673 3409 845 3475 canonicis
880 3410 1005 3474 cotidie
1040 3409 1202 3474 interesse
1237 3412 1367 3494 absque
1381 3375 1581 3493 bpppgntipatlhe

254 3513 395 3578 licencia
426 3513 565 3598 speciali
596 3514 665 3577 sint
697 3514 733 3577 in
765 3514 894 3578 habitis
925 3515 996 3580 suis
1028 3514 1117 3579 infra
1148 3517 1290 3581 chorum
1322 3517 1366 3580 ad
1389 3511 1595 3639 ἓξῒὶὲῗάῐέἓῗξ

255 3617 489 3701 incepcionem
515 3617 769 3681 matutinorum
795 3619 851 3682 vel
876 3619 993 3683 saltim
1020 3626 1101 3683 ante
1127 3618 1243 3683 Gloria
1270 3619 1365 3683 Patrr
1423 3645 1451 3692 rn
1465 3644 1537 3692 their

254 3742 350 3805 prox.
376 3728 455 3806 post
479 3722 651 3806 psalmum
675 3722 809 3798 Venite,
835 3729 870 3786 et
894 3723 943 3788 sic
966 3730 1047 3788 ante
1071 3722 1188 3787 Gloria
1211 3723 1306 3787 Patri
1330 3723 1365 3787 in
1397 3710 1562 3826 fflffig

254 3827 409 3910 qualibet
437 3827 522 3890 hora
549 3825 724 3901 canonica,
754 3828 819 3890 sub
847 3847 937 3910 pena
964 3827 1115 3890 limitata
1142 3847 1203 3910 per
1217 3822 1365 3891 ¹statuta
1396 3845 1467 3908 good
1485 3845 1561 3896 nme.

254 3930 334 3994 inde
352 3931 446 4014 prius
465 3930 569 3994 edita.

344 4086 433 4151 Item
457 4091 641 4160 statutum,
668 4084 854 4161 decretum,
881 4092 915 4150 et
940 4086 1138 4150 ordinatum
1163 4090 1214 4148 est
1238 4085 1273 4149 in
1297 4085 1364 4150 ista
1413 4096 1538 4160 Chantry

255 4190 513 4255 Conuocacione
539 4190 697 4274 generali,
722 4190 817 4274 quod
844 4211 962 4254 omnes
989 4190 1169 4274 presbiteri
1197 4190 1364 4255 habentes
1378 4167 1580 4283 fiffiffi}

255 4295 434 4359 Cantarias
453 4295 488 4359 in
508 4295 602 4359 dicta
621 4295 774 4358 Ecclesia
793 4294 980 4380 Collegiata
1000 4295 1164 4359 fundatas
1183 4294 1243 4378 qui
1262 4295 1364 4380 longo
1378 4297 1406 4345 οἱ
1419 4299 1530 4347 calaber
1549 4315 1579 4348 as

255 4406 410 4484 tempore
433 4405 610 4463 transacto
632 4400 839 4475 habuerunt,
865 4405 899 4462 et
923 4399 957 4463 in
980 4399 1130 4483 presenti
1154 4400 1294 4475 habent,
1319 4402 1364 4464 ob
1378 4365 1579 4496 atBlerpgllpezud

255 4504 419 4568 honorem
446 4503 510 4567 Dei
536 4509 570 4566 et
597 4503 705 4567 diuini
730 4504 844 4567 cultus
870 4503 904 4566 in
931 4502 1024 4566 dicta
1050 4503 1190 4567 ecclesia
1215 4503 1365 4568 habendi
1396 4524 1452 4571 and
1466 4538 1512 4572 are
1526 4529 1556 4574 to

255 4614 491 4694 augmentum,
512 4629 613 4672 vsum
633 4608 846 4672 almiciorum
870 4606 912 4670 de
936 4607 966 4670 le
990 4605 1182 4689 Calayber,1
1204 4613 1277 4671 tam
1300 4608 1365 4692 ipsi
1398 4590 1561 4708 mugffgfflss

329 4762 335 4783 ¹
355 4758 378 4804 Α
394 4756 439 4804 fur
452 4755 481 4804 ol
494 4770 570 4804 some
584 4754 689 4818 foreign
705 4755 810 4819 species
823 4753 853 4803 of
867 4754 991 4818 squirrel,
1007 4754 1126 4818 perhaps
1142 4753 1213 4802 from
1229 4753 1364 4803 Calabria.

256 4837 306 4886 See
320 4836 427 4884 N.E.D.
