3392 5650
335 728 378 795 74
624 715 703 780 Tun
730 713 886 781 Inorrssr
909 714 1156 782 Mnnuscmrr.

332 889 401 966 fall,
425 913 492 976 que
515 893 697 960 ambulant
719 916 821 979 super
844 895 1088 961 Sedmerholm.
1137 897 1184 960 Et
1206 897 1241 962 in
1264 896 1440 962 occidente

330 994 372 1058 de
400 995 581 1062 Pikcchow
607 1020 678 1064 vna
704 1000 789 1065 roda
815 1006 849 1064 et
877 1000 922 1065 di.
951 1006 986 1065 et
1014 1000 1047 1085 xj
1078 1001 1137 1066 full
1164 1007 1200 1065 et
1227 1000 1271 1066 di.
1332 1001 1379 1065 Et
1406 1000 1440 1065 in

329 1098 506 1165 occidente
523 1102 578 1167 vie
599 1103 651 1184 (34
671 1106 715 1185 v.)
738 1104 912 1170 tendentis
933 1117 1042 1189 vsque
1061 1105 1105 1170 ad
1123 1105 1250 1189 Thorp,
1270 1126 1340 1171 vna
1357 1106 1441 1171 roda

328 1210 480 1288 quatuor
501 1206 560 1271 fall
583 1208 697 1273 minus
719 1215 754 1273 et
776 1231 847 1275 vna
868 1209 952 1275 roda
975 1216 1010 1274 et
1032 1232 1055 1274 x
1078 1210 1138 1275 iall
1159 1230 1226 1295 que
1249 1210 1440 1276 abbuttant

327 1329 430 1392 super
450 1310 581 1376 curiam
604 1311 691 1378 Rad.
716 1314 758 1378 de
780 1315 907 1398 Thorp,
930 1320 966 1378 et
987 1313 1115 1379 ibidem
1137 1337 1158 1380 a
1179 1315 1238 1380 via
1259 1315 1301 1379 de
1322 1314 1439 1398 Thorp

326 1433 445 1479 versus
467 1414 699 1502 Grymkilnej
726 1418 797 1483 rod.
822 1418 900 1502 iiij0r
924 1419 983 1484 fall
1007 1419 1130 1484 minus.
1193 1419 1240 1483 Et
1261 1419 1272 1503 j
1297 1418 1382 1484 roda
1404 1425 1439 1483 et

327 1517 444 1584 dimid.
471 1541 538 1605 que
562 1523 738 1605 protendit
765 1543 885 1588 versus
911 1524 1061 1589 crottum
1086 1522 1177 1609 Hug’
1203 1523 1248 1588 fil.
1276 1522 1368 1608 Hug'
1394 1523 1436 1587 de

326 1621 451 1707 Thorp.
501 1626 546 1689 Et
568 1627 661 1710 apud
683 1626 928 1711 Wythepottes
949 1628 984 1693 in
1006 1649 1075 1693 vno
1097 1628 1171 1693 Ioco
1192 1626 1202 1712 j
1227 1627 1311 1693 roda
1333 1633 1367 1692 et
1390 1648 1437 1690 xv

326 1726 395 1792 fall.
445 1729 533 1794 Item
564 1731 691 1795 ibidem
721 1752 840 1797 versus
871 1738 1028 1797 austrum
1057 1732 1068 1816 j
1102 1733 1186 1797 roda
1216 1738 1251 1796 et
1281 1731 1434 1797 dimidia.

326 1831 416 1897 Item
440 1834 533 1917 apud
555 1834 801 1920 Wythepottes
824 1837 943 1901 dimid.
969 1858 1084 1902 acram
1111 1836 1181 1920 (sic)
1208 1843 1242 1900 et
1267 1836 1337 1920 xvij
1364 1836 1434 1906 fall.

326 1936 415 2002 Item
439 1938 567 2004 ibidem
591 1961 660 2005 vna
684 1961 763 2006 acra
787 1947 822 2005 et
846 1940 917 2025 xvij
946 1941 1014 2007 fall.
1063 1941 1153 2005 Item
1177 1941 1305 2005 ibidem
1330 1961 1435 2024 prope

324 2152 439 2211 totum
456 2154 596 2232 pratum
614 2170 729 2214 meum
747 2150 841 2234 apud
860 2149 1034 2225 Randker,
1053 2150 1144 2215 Hab.
1165 2155 1200 2214 et
1217 2155 1287 2215 ten.
1307 2148 1372 2214 eid.
1392 2147 1432 2215 G.

323 2257 359 2315 et
385 2272 411 2316 s.
440 2252 563 2339 assign.
591 2254 626 2319 in
653 2261 872 2339 perpetuum,
898 2255 931 2319 li.
960 2261 995 2319 et
1021 2254 1104 2339 qui..
1132 2254 1327 2329 honorifice,
1355 2275 1434 2318 cum

323 2376 414 2421 omn.
430 2364 516 2440 pert.
532 2364 567 2423 et
579 2358 637 2423 lib.
652 2380 678 2424 5.
726 2360 917 2425 Reddendo
930 2359 1009 2424 inde
1022 2359 1203 2425 annuatim
1216 2359 1298 2423 d'no
1312 2357 1434 2423 Nich'o

323 2460 365 2524 de
384 2461 518 2546 Hewyk
537 2469 572 2527 et
591 2464 660 2528 her.
680 2486 706 2529 5.
727 2463 784 2529 xd.
803 2465 847 2530 ad
867 2464 889 2529 f.
908 2464 941 2529 S.
960 2464 1004 2529 M.
1023 2470 1058 2528 et
1076 2464 1233 2529 faciendo
1251 2462 1433 2528 seruicium

323 2565 527 2631 forinsecum
542 2574 714 2652 quantum
730 2569 880 2652 pertinet
896 2568 940 2633 ad
955 2568 1134 2634 dimidiam
1150 2569 1316 2634 bouatam
1333 2573 1431 2643 terre,

321 2669 412 2735 vnde
438 2670 497 2755 xxj
526 2678 686 2738 carucate
712 2679 801 2737 terre
827 2673 966 2738 feodum
993 2673 1095 2737 vnius
1120 2673 1249 2737 militis.
1297 2673 1344 2736 Et
1370 2692 1432 2757 ego

320 2776 450 2843 ether.
477 2799 521 2843 m.
549 2799 640 2844 omn.
667 2778 761 2864 pred.
788 2778 953 2863 percellas
979 2784 1147 2845 terrarum
1174 2779 1315 2862 (cums.
1342 2783 1429 2862 pert.

320 2882 414 2965 pred.
432 2882 472 2948 G.
491 2890 525 2948 et
542 2904 633 2949 omn.
651 2884 774 2970 assign.
789 2884 828 2967 5.)
844 2896 854 2927 ¹
871 2904 951 2949 war.
970 2889 1004 2948 et
1020 2883 1087 2949 def.
1102 2904 1164 2968 pro
1179 2882 1273 2968 pred.
1288 2882 1431 2947 seruicio

319 2993 441 3053 contra
468 3009 559 3053 omn.
589 2990 680 3053 hom.
711 2989 745 3053 in
773 2994 989 3073 perpetuum.
1039 2989 1079 3053 In
1108 2988 1209 3053 huius
1237 2993 1355 3053 autem
1383 2987 1430 3052 rei

319 3093 423 3157 robur
441 3098 475 3156 et
495 3098 574 3158 test.
594 3093 674 3158 huic
692 3114 754 3158 scr.
775 3094 835 3179 sig.
856 3114 902 3158 m.
923 3093 1077 3177 apposui.
1125 3092 1202 3157 Hiis
1221 3092 1395 3157 testibus.2

486 3263 574 3346 (107)
601 3262 721 3327 CARTA
746 3279 794 3326 ne
819 3279 961 3327 rumne
985 3278 1103 3326 BEATE
1128 3261 1260 3326 Manus.

403 3402 505 3467 Vniu.
531 3403 591 3486 xpi
616 3402 673 3466 fid.
700 3402 745 3467 ad
769 3422 857 3487 quos
881 3422 931 3485 pr.
958 3421 1020 3465 scr.
1047 3400 1252 3485 peruenerit,
1279 3399 1428 3464 Rob'tus

316 3507 542 3591 Dispensator
556 3507 598 3571 de
612 3506 750 3590 Ripon’,
764 3527 813 3571 sa.
827 3506 863 3571 in
876 3505 967 3569 D’no
979 3505 1234 3590 sempiternam.
1283 3503 1427 3569 Nouerit

314 3612 521 3676 vniuersitas
553 3618 670 3677 vestra
702 3631 757 3675 me
790 3611 867 3675 ded.
902 3630 965 3695 pro
998 3631 1046 3676 sa.
1082 3631 1136 3675 an.
1171 3630 1216 3674 m.
1252 3615 1287 3673 et
1320 3610 1424 3698 anim.

313 3722 516 3781 antecessor.
541 3736 644 3781 meor.
669 3715 829 3781 luminari
852 3705 904 3779 b'e.
930 3715 1035 3780 Marie
1059 3715 1093 3780 in
1116 3714 1207 3778 Eccl.
1232 3714 1274 3778 de
1298 3713 1423 3798 Ripon'

313 3821 397 3905 xijd.
418 3821 524 3887 annui
544 3821 709 3896 redditus
730 3841 817 3906 quos
836 3819 975 3885 Elienor
993 3819 1063 3885 filia
1081 3839 1158 3884 mea
1176 3818 1297 3883 reddet
1317 3840 1424 3885 annu-

313 3926 399 3991 atim
428 3947 490 4010 pro
520 3933 611 3992 terra
639 3946 745 4011 quam
774 3925 804 3989 ei
833 3924 923 3989 dedi.
971 3924 1057 3989 Volo
1086 3930 1121 3988 et
1149 3924 1300 3989 concedo
1328 3925 1422 4009 quod

311 4032 471 4096 custodes
502 4031 608 4095 eiusd.
640 4030 779 4095 luminis
809 4029 900 4094 licite
931 4029 1139 4114 quicumque
1170 4029 1297 4093 fuerint
1328 4028 1422 4094 illam

312 4141 438 4201 terram
459 4136 592 4220 possint
612 4135 813 4220 restringere
833 4154 896 4218 pro
915 4134 1014 4199 firma
1033 4134 1060 4197 si
1080 4134 1115 4198 in
1132 4133 1247 4218 aliquo
1268 4139 1421 4218 tempore

283 4321 288 4330 ι
311 4241 483 4306 defecerit.
531 4241 578 4305 Vt
596 4245 713 4305 autem
730 4240 793 4303 hec
810 4259 887 4303 mea
905 4238 1049 4304 donacio
1067 4245 1144 4304 rata
1161 4239 1206 4302 sit
1223 4244 1258 4302 et
1275 4238 1419 4315 stabilis,

310 4365 360 4429 pr.
379 4366 440 4410 scr.
458 4345 519 4429 sig.
536 4366 582 4409 m.
600 4344 821 4428 impressione
837 4344 1006 4408 roboraui.
1055 4343 1098 4406 H.
1118 4348 1142 4406 t.
1162 4343 1291 4428 Mag'ro
1308 4342 1421 4408 Will’o

309 4449 475 4535 Wigwan,
508 4449 621 4513 Will'o
652 4449 694 4512 de
725 4449 915 4522 Thomton,
948 4453 1032 4513 tunc
1062 4447 1201 4523 balliuo,
1234 4447 1347 4512 Will'o
1378 4449 1420 4513 de

311 4553 480 4629 Bokland,
513 4553 635 4618 Nich’o
666 4553 831 4628 Bemard,
863 4553 988 4636 Joh'ne
1020 4552 1061 4617 de
1092 4553 1208 4628 Ebot„
1241 4552 1344 4617 Walt’
1377 4554 1419 4618 de

310 4660 478 4744 Westgat,
498 4665 533 4723 et
553 4659 636 4723 aliis.

381 4815 386 4836 ¹
409 4774 593 4874 Repentediu
606 4809 661 4856 MS.
736 4816 745 4836 ²
764 4808 808 4857 No
820 4821 916 4857 names
928 4808 1049 4856 entered.
