3392 5650
621 722 715 788 Acrs
738 742 784 789 or
806 723 987 789 Cunpren.
1294 739 1358 806 227

249 923 269 966 a
287 909 321 966 te
340 903 375 966 in
393 903 457 966 hac
476 909 574 986 parte
592 909 802 987 potestatem
820 903 991 979 habentis,
1012 924 1051 967 ac
1069 904 1181 987 ipsum
1200 922 1358 986 procura-

249 1016 359 1072 torem
386 1008 421 1071 in
449 1028 631 1090 personam
659 1008 710 1072 tui
738 1008 967 1083 admissimUS,
997 1008 1128 1092 tibique
1156 1006 1295 1071 stallum
1323 1007 1358 1069 in

247 1113 350 1175 choro
367 1118 401 1175 et
417 1112 530 1175 locum
547 1112 582 1176 in
599 1112 759 1196 Capitulo
775 1112 877 1176 dictis
893 1112 1118 1176 Canonicatui
1135 1118 1169 1175 et
1186 1110 1357 1195 prebende

248 1217 441 1301 antiquitus
461 1216 672 1300 pertinencia
693 1216 953 1301 assignauimus
976 1237 1015 1280 ac
1036 1222 1070 1279 te
1090 1217 1125 1280 in
1146 1215 1355 1299 corporalem

247 1321 493 1405 possessionem
529 1320 700 1385 dictorum
736 1320 966 1386 Canonicatus
1001 1327 1035 1384 et
1071 1321 1242 1404 prebende
1276 1340 1355 1383 cum

247 1426 389 1508 Juribus
414 1426 484 1489 suis
509 1431 543 1488 et
568 1425 789 1508 pertinencijs
814 1426 981 1489 vniuersis
1005 1426 1040 1489 in
1066 1445 1247 1508 personam
1272 1423 1356 1488 dicti

247 1530 477 1614 procuratoris
498 1530 559 1604 tui,
581 1550 620 1593 ac
639 1530 752 1613 ipsum
773 1536 1029 1613 procuratorem
1049 1529 1083 1594 in
1103 1549 1284 1613 personam
1304 1527 1356 1592 tui

248 1635 383 1698 realiter
400 1634 609 1708 induximus,
628 1634 781 1716 Juribus,
800 1634 1029 1709 libertatibus,
1049 1640 1083 1697 et
1101 1632 1355 1698 consuetudini-

247 1741 312 1803 bus
340 1739 477 1802 ecclesie
505 1744 620 1801 nostre
633 1739 800 1822 ‘predicte
828 1739 863 1801 in
892 1738 1051 1803 omnibus
1079 1758 1212 1821 semper
1239 1737 1352 1801 saluis,

248 1844 289 1908 In
319 1864 346 1908 c.
378 1863 404 1907 r.
436 1849 461 1907 t.
493 1843 552 1927 sig.
584 1864 617 1907 n.
649 1842 844 1925 Capitulare
875 1842 1089 1926 presentibus
1119 1842 1351 1926 apposuimus,

248 1950 328 2012 Dat.
350 1948 384 2011 in
405 1947 509 2011 domo
530 1943 596 2011 Cari
615 1946 709 2030 xxvij
734 1947 788 2010 die
809 1947 935 2010 mensis
957 1946 1050 2029 Junij
1074 1952 1108 2009 et
1130 1946 1175 2009 A⁰
1194 1941 1354 2009 D0÷M1m0

246 2052 423 2127 cccclxiij0.

155 2331 157 2335 ι
247 2250 296 2319 79·
345 2243 432 2325 (323)
474 2240 738 2325 (Appointment
762 2240 797 2304 ol
820 2240 971 2305 Officials
994 2241 1047 2305 ior
1070 2241 1353 2305 Stanwick-cum-

293 2346 448 2429 Barton).

335 2496 533 2581 Capitulum
553 2498 632 2562 eccl.
655 2497 736 2562 Coll.
758 2498 852 2562 beati
871 2497 1018 2562 Wilfridi
1039 2498 1163 2582 Ripon'
1185 2497 1357 2562 Confratri

248 2608 366 2665 nostro
407 2602 593 2685 predilecto
636 2603 765 2687 Mag’ro
807 2603 960 2685 Johanni
1002 2603 1095 2666 Clere
1136 2603 1171 2667 in
1213 2602 1358 2666 decretis

252 2705 452 2780 Bacallari0,
490 2705 720 2770 Prebendario
755 2707 928 2791 prebende
963 2706 1006 2770 de
1042 2707 1288 2791 Staynewykes
1324 2706 1359 2770 in

251 2810 329 2875 eccl.
358 2809 545 2895 Collegiata
571 2811 736 2895 predicta,
761 2817 796 2875 et
821 2811 960 2875 Rectori
984 2811 1062 2876 eccl.
1088 2811 1291 2897 parochialis
1317 2810 1360 2875 de

251 2915 478 2998 Melshamby,
515 2936 647 2979 necnon
683 2916 813 3000 Mag’ro
847 2916 978 2980 Thome
1014 2916 1184 2981 Bl'akman
1219 2917 1253 2980 in
1288 2916 1360 2980 iure

251 3020 349 3084 Ciuili
373 3019 564 3083 Bacallario
586 3018 790 3084 Comissario
811 3026 940 3095 nostro,
964 3041 1004 3084 ac
1027 3021 1182 3104 Xpoioro
1206 3020 1360 3084 Kendale

251 3124 446 3207 Capellan0,
480 3123 627 3188 salutem
660 3124 695 3188 in
728 3124 818 3188 D'no
851 3125 1106 3208 sempiternam.
1154 3125 1206 3188 De
1237 3124 1361 3188 vestris

251 3229 417 3292 fidelitate
438 3235 473 3291 et
493 3227 664 3292 industria
683 3228 870 3312 plurimum
890 3229 925 3293 in
946 3229 1037 3292 D’no
1056 3229 1277 3304 confidentes,
1298 3249 1361 3293 vos

250 3332 285 3397 in
312 3332 481 3397 Officiales
508 3338 643 3396 nostros
670 3338 705 3396 et
732 3332 899 3396 Custodes
925 3333 1181 3417 spiritualitatis
1208 3333 1359 3397 iurisdic-

251 3437 357 3500 cionis
386 3443 505 3500 nostre
538 3437 754 3521 prebendalis
783 3438 825 3501 de
860 3436 1086 3521 Staynwykes
1116 3458 1195 3502 cum
1229 3438 1360 3502 Barton
1398 3464 1552 3513 Prehendal

251 3542 444 3625 preficimus
472 3562 533 3626 per
559 3547 743 3626 presentes
770 3547 805 3605 et
831 3543 876 3606 ad
904 3542 1127 3628 cognoscend.
1154 3531 1564 3627 procedend‚iuri⁵d10ti0n·

250 3646 425 3710 statuend.
450 3646 485 3710 in
517 3647 676 3711 omnibus
706 3651 742 3710 et
772 3647 913 3731 singulis
944 3647 1056 3711 causis
1086 3652 1121 3710 et
1148 3646 1298 3731 negociis
1324 3647 1360 3711 in

251 3750 487 3814 iurisdiccione
511 3750 666 3834 predicta
689 3751 794 3814 motis
814 3751 871 3815 vel
892 3752 1081 3826 mouendis,
1104 3772 1144 3815 ac
1166 3771 1223 3814 eas
1244 3751 1299 3815 vel
1320 3772 1360 3815 ea

250 3854 317 3918 fine
336 3854 454 3918 debito
474 3854 693 3930 terminand.,
714 3876 846 3919 necnon
867 3855 912 3919 ad
931 3855 1118 3940 corrigend.
1140 3861 1174 3918 et
1196 3855 1358 3939 puniend.

251 3980 290 4021 ac
310 3959 428 4022 debite
447 3957 653 4023 reformanti.
672 3958 815 4023 crimina
834 3965 870 4022 et
889 3979 1046 4023 excessus
1064 3979 1360 4044 quorumcumque

251 4063 480 4137 subditorum,
502 4069 576 4126 tam
596 4062 802 4126 Clericorum
821 4083 928 4146 quam
946 4063 1111 4127 laicorum
1129 4069 1245 4127 nostre
1264 4063 1360 4127 iuris-

251 4166 413 4230 diccionis
453 4166 638 4242 antedicte,
679 4173 714 4230 et
754 4166 799 4230 ad
838 4166 1033 4232 insinuand.
1076 4173 1286 4231 testamenta
1325 4172 1360 4231 et

250 4271 391 4335 ultimas
420 4270 620 4334 voluntates
650 4270 903 4345 defunctorum,
934 4271 1172 4335 committend.
1204 4291 1271 4355 que
1301 4270 1360 4335 ad-

251 4375 543 4439 ministracionem
587 4375 756 4439 bonorum
801 4375 997 4439 huiusmodi
1040 4374 1282 4439 detunctorum
1326 4383 1361 4439 et

252 4479 396 4543 aliorum
423 4479 636 4543 abintestato
662 4478 905 4544 decedencium
930 4479 966 4543 in
992 4479 1127 4562 prelata
1152 4480 1227 4543 n'ra
1252 4479 1362 4561 Juris·

251 4584 404 4647 diccione
419 4583 655 4658 existencium,
672 4583 738 4646 illis
752 4583 879 4668 quibus
895 4582 937 4646 de
952 4584 1024 4648 iure
1040 4604 1100 4647 seu
1114 4584 1362 4649 consuetudine

252 4688 355 4751 fuerit
374 4687 635 4762 committenda,
655 4688 850 4772 Omniaque
869 4687 936 4751 alia
955 4692 990 4750 et
1008 4685 1306 4771 singula'laciend.
1327 4695 1362 4752 et

253 4791 432 4857 exercend.
450 4812 517 4876 que
532 4792 568 4856 in
583 4792 756 4876 premissis
771 4797 807 4856 et
822 4792 912 4857 circa
927 4792 1105 4877 quodlibet
1121 4792 1363 4878 premissorum
