3392 5650
360 697 421 762 142
643 679 721 743 Tae
747 679 902 744 Increax
927 679 1173 747 Manuscnrrr.

152 854 334 905 vtolationor
446 860 534 923 Item
576 866 749 924 statutum
791 866 842 923 est
884 860 912 923 si
953 861 1030 944 quis
1071 861 1277 926 temeritatis
1319 862 1466 928 audacia

141 928 341 1039 tigiqirfiiaiies
356 972 570 1047 sequestrum
610 985 669 1047 per
706 963 904 1047 Capitulum
943 964 1185 1048 interpositum
1223 966 1351 1031 violare
1390 988 1466 1051 pre-

153 1058 341 1172 ⁰⁸ffiffl¹¹¹l
356 1068 549 1152 sumpserit.
578 1067 945 1133 excommunicacionis
974 1068 1115 1132 incurrit
1147 1071 1358 1136 sentenciam
1389 1071 1466 1155 ipso

357 1174 461 1237 lacto

153 1317 331 1379 manumiss.
444 1316 532 1379 Item
556 1315 753 1379 ordinatum
777 1321 810 1377 et
834 1319 1007 1378 statutum
1031 1322 1082 1379 est
1105 1316 1199 1400 quod
1222 1316 1249 1380 si
1272 1316 1420 1381 vicarius
1444 1339 1464 1382 a

148 1407 333 1523 viprngltppu
354 1417 465 1483 Choro
495 1441 529 1483 se
560 1420 805 1494 absentauerit‚
837 1420 978 1483 licencia
1008 1441 1076 1484 non
1107 1421 1219 1504 petita
1244 1427 1279 1485 et
1304 1427 1462 1505 optenta,

141 1542 339 1590 absencenom
355 1523 417 1587 nisi
445 1545 505 1607 per
531 1524 616 1588 Cure
642 1544 701 1588 sue
728 1523 931 1587 exercicium
958 1524 1108 1608 legitime
1135 1525 1237 1589 tuerit
1264 1525 1464 1609 impeditus

140 1609 339 1725 “hg‘fflffilt
354 1647 456 1711 super
474 1649 544 1712 quo
564 1628 747 1712 requisitus
767 1628 870 1691 fidem
891 1628 995 1691 faciat
1016 1628 1154 1712 proprio
1174 1629 1378 1705 iuramento
1401 1646 1464 1714 pro

195 1758 284 1791 cause.
354 1732 494 1816 singulis
511 1733 602 1795 horis
619 1732 805 1796 maioribus
822 1732 886 1795 viz.
906 1733 1097 1807 matutinis
1116 1733 1230 1808 missa,
1249 1739 1283 1797 et
1300 1735 1462 1817 vesperis

353 1837 479 1920 quibus
501 1836 555 1899 vel
577 1857 645 1920 qua
668 1837 781 1919 ipsum
804 1857 824 1899 a
846 1835 957 1899 Choro
979 1838 1097 1900 abesse
1119 1838 1311 1922 contigerit,
1335 1838 1377 1902 de
1399 1860 1463 1903 suo

353 1941 524 2024 stipendio
559 1941 580 2024 ij
618 1940 747 2005 denarii
783 1961 842 2024 per
877 1941 1108 2005 Camerarium
1143 1940 1292 2025 Capituli
1326 1944 1463 2007 subtra-

353 2046 502 2119 hantur;
528 2065 588 2128 per
616 2046 706 2109 horis
735 2066 816 2109 vero
844 2046 1033 2110 minoribus
1062 2046 1250 2112 secundum
1279 2048 1461 2114 arbitrium

353 2149 501 2234 Capituli
520 2150 718 2233 puniantur.

185 2361 188 2368 ,
215 2294 268 2369 Pro
441 2293 584 2357 Diaconi
602 2313 683 2356 vero
701 2300 734 2356 et
752 2292 964 2368 subdiaconi,
983 2293 1010 2356 si
1028 2314 1085 2358 eos
1101 2294 1157 2358 vel
1174 2315 1291 2359 eorum
1309 2294 1458 2379 aliquem

160 2362 318 2475 ‘imit-'2⁴0⁵
354 2399 470 2462 abesse
492 2398 684 2483 contigerit,
709 2404 748 2461 vt
771 2397 950 2480 prefertur,
974 2418 1036 2481 pro
1057 2397 1211 2481 qualibet
1234 2399 1318 2463 hora
1340 2400 1461 2464 maiori

177 2512 303 2559 Deacons
353 2503 533 2567 amissione
559 2503 660 2567 vnius
686 2502 816 2566 denarii
842 2501 1043 2565 multentur.
1091 2501 1175 2565 Aliis
1200 2522 1282 2567 vero
1308 2504 1461 2587 antiquis

142 2579 336 2693 ςιῇξῗῖρζᾞξὲς
353 2608 495 2672 statutis
514 2607 650 2672 ecclesie
670 2607 712 2670 de
732 2606 805 2670 aliis
825 2627 886 2689 pro
906 2612 1060 2689 tempore
1079 2607 1235 2670 absencie
1254 2607 1460 2672 vicariorum

353 2712 613 2787 substituendis,
640 2713 765 2796 quibus
790 2711 932 2774 statutis
958 2710 1119 2795 derogare
1143 2731 1213 2775 non
1238 2710 1459 2787 intendimus,

354 2818 388 2882 in
407 2839 469 2882 suo
487 2819 607 2882 robore
626 2821 793 2901 perpetuo
812 2815 996 2880 duraturis.

151 2976 195 3024 No
208 2976 282 3024 clera
297 2980 327 3024 to
442 2962 541 3037 Item,
579 2961 673 3044 quod
710 2959 823 3023 nullus
861 2958 1000 3022 clericus
1038 2958 1215 3023 ordinetur
1252 2959 1460 3026 auctoritate

139 3043 182 3173 ἐξ
192 3043 336 3165 ffi‘ffiffifg
352 3065 512 3149 Capituli,
535 3086 645 3149 neque
668 3065 712 3128 ad
735 3064 876 3128 titulum
899 3063 1036 3126 ecclesie
1058 3063 1103 3127 ad
1125 3063 1260 3128 ordines
1282 3065 1324 3129 de
1345 3071 1459 3129 cetero

139 3178 337 3292 „ssieffl‘sssstffis
352 3176 606 3255 promoueatur,
627 3170 690 3234 nisi
711 3169 813 3234 tuerit
833 3169 875 3232 de
895 3167 1015 3243 Chorn,
1036 3167 1090 3231 vel
1109 3169 1243 3233 steterit
1263 3169 1297 3232 in
1316 3169 1459 3234 seruicio

136 3312 233 3359 serven
248 3311 275 3358 5„
289 3312 337 3359 tae
352 3275 493 3339 alicuius
508 3274 679 3349 Canonici,
695 3280 729 3337 et
743 3273 836 3357 quod
851 3279 935 3336 tunc
948 3273 1010 3336 fiat
1024 3273 1058 3336 in
1073 3272 1232 3356 Capitulo
1246 3274 1459 3338 examinacio

147 3378 324 3492 ffiffi'offi
351 3378 505 3462 specialis
524 3398 638 3441 coram
653 3377 831 3441 Canonicis
851 3383 934 3447 tunc
950 3377 984 3440 in
1001 3377 1141 3441 ecclesia
1159 3377 1396 3454 residentibus
1416 3377 1459 3442 de

181 3485 297 3574 ,maha
352 3484 616 3557 conditionibus,
651 3483 813 3556 moribus,
848 3482 933 3556 vita,
969 3487 1003 3545 et
1036 3481 1215 3546 literatura
1248 3482 1459 3567 singularum

352 3608 573 3673 personarum
601 3585 880 3660 ordinandarum,
908 3591 942 3649 et
969 3585 1028 3669 qui
1054 3585 1149 3670 digni
1175 3586 1307 3651 inuenti
1334 3587 1462 3652 fuerint

353 3699 621 3777 promoucantur
636 3712 643 3767 ;
668 3691 727 3774 qui
739 3696 856 3754 autem
869 3689 998 3774 indigni
1009 3690 1205 3754 nullatenus
1217 3691 1459 3758 admittantur.

165 3843 209 3891 No
221 3843 307 3889 leases
440 3837 539 3910 Item,
556 3835 649 3919 quod
664 3835 706 3898 de
721 3840 833 3897 cetero
848 3854 917 3897 non
932 3831 1018 3896 fiant
1033 3831 1246 3898 dimissiones
1261 3833 1459 3899 reddituum

148 3910 323 4040 b{}{,'‡,t1⁶¹i{¹n
352 3940 546 4004 tenencium
569 3939 623 4003 vel
648 3944 815 4002 terrarum
838 3936 893 4000 vel
917 3937 1083 4000 domuum
1106 3958 1389 4022 quarumcunque
1413 3938 1458 4002 ad

193 4058 281 4107 years,
350 4065 604 4130 quamcumque
632 4043 842 4126 prebendam
871 4042 1105 4125 spectancium
1133 4041 1225 4106 vltra
1252 4043 1407 4126 spacium
1435 4063 1458 4106 x

351 4170 529 4224 annorum,
549 4148 620 4212 sine
638 4145 778 4231 speciali
798 4151 952 4210 tractatu
970 4145 1005 4208 in
1023 4145 1189 4228 solempni
1207 4146 1458 4213 conuocacione

350 4275 452 4338 super
472 4255 537 4317 hoc
557 4252 726 4327 habend0,
749 4251 909 4315 omnibus
930 4256 964 4314 et
981 4250 1121 4334 singulis
1138 4250 1309 4314 canonicis
1326 4251 1459 4315 vocatis

173 4361 263 4409 unless
278 4360 304 4435 in
349 4359 499 4444 legitime
526 4379 585 4421 seu
611 4357 738 4432 citatis,
767 4363 801 4419 et
830 4361 913 4419 tunc
939 4355 1001 4418 fiat
1028 4354 1207 4438 inquisicio
1234 4355 1388 4439 specialis
1415 4377 1460 4420 an

145 4426 327 4542 verpagpgeral
350 4462 545 4528 huiusmodi
563 4461 795 4525 dimissionem
813 4460 886 4523 fieri
903 4479 1027 4544 vrgens
1044 4459 1228 4524 necessitas
1246 4460 1301 4524 vel
1319 4459 1460 4524 euidens

350 4568 487 4633 ecclesie
514 4565 646 4629 vtilitas
674 4570 873 4649 exposcant,
896 4570 930 4627 et
954 4570 1081 4628 extunc
1103 4563 1162 4628 fiet
1183 4564 1382 4649 reprobacio
1403 4564 1459 4629 vel

349 4672 567 4738 confirmacio
599 4677 701 4754 prout
733 4670 908 4735 videbitur
939 4669 1110 4734 canonicis
1142 4668 1286 4733 vtitilati
1319 4667 1457 4732 ecclesie

350 4777 519 4864 expedire.
