3392 5650
414 714 478 779 234
702 699 781 762 Tun
807 699 964 763 Incrrssr
988 700 1235 764 Mnnuscnrpr.

413 898 501 952 suos
541 877 793 961 comodumque
834 878 1004 962 singulare
1047 884 1081 942 et
1121 878 1295 962 priuatam
1333 880 1521 944 utilitatem

412 988 620 1057 conuertere,
638 982 778 1066 perinde
794 1004 834 1046 ac
850 983 878 1046 si
899 981 993 1047 dicta
1014 982 1189 1067 prebenda
1209 983 1349 1048 omnino
1369 991 1520 1060 vacaret,

412 1084 520 1150 donec
559 1086 601 1150 de
640 1088 805 1151 canonica
839 1087 1044 1151 admissione
1083 1093 1117 1151 et
1153 1087 1263 1152 torma
1298 1089 1522 1172 prestacionis

412 1189 595 1255 iuramenti
626 1191 821 1255 huiusmodi
851 1191 1065 1276 prebendarij
1099 1192 1249 1276 legitime
1279 1192 1454 1270 doceatur,
1486 1200 1521 1257 et

414 1295 507 1359 dicto
526 1295 685 1379 Capitulo
703 1295 910 1359 sufficienter
928 1295 1130 1361 declaretur.

229 1434 361 1561 Seilii'o.
500 1449 699 1534 Capitulum
722 1450 860 1514 ecclesie
884 1450 1069 1535 Collegiate
1094 1450 1219 1535 Ripon'
1237 1452 1424 1517 venerabili
1447 1453 1521 1516 viro

227 1591 370 1638 rntrmacn
412 1554 554 1618 Fulconi
579 1554 887 1618 Barmamcheham
916 1555 1047 1619 fructus
1071 1561 1106 1619 et
1130 1562 1299 1640 prouenta
1322 1556 1357 1621 in
1381 1557 1522 1622 ecclesia

217 1658 598 1743 didi-statulissollegiata
626 1658 780 1743 predicta
808 1681 848 1722 ac
876 1660 1047 1742 prebende
1076 1660 1118 1723 de
1147 1660 1309 1743 Stodeley
1336 1661 1371 1725 in
1400 1662 1520 1726 eadem

196 1724 398 1839 largamque
412 1763 595 1846 occupanti
624 1768 658 1826 et
687 1764 898 1847 percipienti,
929 1763 1076 1828 salutem
1105 1765 1139 1828 in
1169 1765 1328 1829 Domino.
1376 1765 1521 1830 Nouerit

237 1859 353 1906 chelam.
413 1868 606 1931 reuerencia
638 1874 754 1932 vestra
785 1867 890 1951 quod,
926 1868 1089 1951 inspectis
1122 1869 1272 1953 registris
1305 1876 1340 1933 et
1373 1870 1521 1935 archiuis

412 1972 548 2047 nostris
583 1972 672 2035 inter
705 1977 818 2035 cetera
852 1973 1079 2056 comperimus
1113 1973 1148 2037 in
1182 1973 1311 2037 eisdem
1344 1974 1521 2058 quoddam

412 2082 586 2141 statutum
608 2077 679 2140 siue
702 2077 957 2141 ordinacionem
980 2077 1046 2141 fuit
1069 2078 1165 2142 cuius
1188 2084 1287 2142 tenor
1308 2079 1464 2162 sequitur
1486 2078 1521 2142 in

413 2182 474 2245 hec
490 2182 606 2256 verba,
625 2182 714 2245 Item
730 2202 809 2245 cum
825 2181 1029 2265 antiquitus,
1047 2186 1111 2245 etc.
1161 2183 1201 2246 In
1217 2203 1365 2266 quarum
1380 2182 1521 2267 quidem

412 2285 635 2370 inspeccionis
666 2291 700 2349 et
733 2285 978 2369 compercionis
1010 2286 1248 2351 testimonium
1280 2293 1385 2371 atque
1417 2287 1521 2351 fidem

412 2392 474 2455 has
498 2390 614 2454 literas
639 2396 774 2454 nostras
799 2389 871 2453 fieri
897 2390 1038 2455 lecimus
1064 2391 1321 2467 testimoniales
1347 2391 1522 2475 Vobisque

412 2495 608 2560 huiusmodi
642 2500 817 2559 statutum
852 2495 924 2558 sine
959 2495 1213 2559 ordinacionem
1248 2495 1381 2560 editum
1415 2502 1521 2579 atque

413 2602 544 2665 factum
589 2600 817 2675 notificamus,
865 2598 1088 2675 declaramus
1136 2606 1171 2663 et
1216 2600 1417 2664 intimamus
1462 2621 1522 2684 per

412 2711 585 2789 presentes
618 2703 726 2789 sigillo
760 2711 879 2768 nostro
913 2703 958 2767 ad
991 2725 1111 2768 causas
1145 2704 1321 2788 sigillatos
1369 2706 1450 2769 Dat.
1486 2704 1521 2769 in

412 2810 514 2875 domo
530 2816 649 2875 nostra
669 2807 858 2893 Capitulari
879 2818 940 2872 x¹¹¹⁰
960 2808 1014 2874 die
1035 2808 1160 2873 mensis
1181 2809 1402 2894 Septembris,
1420 2808 1521 2874 Anno

411 2915 493 2980 D'ni
512 2937 547 2980 m
563 2925 678 2979 cccc⁰³⁰
697 2914 818 2993 lxiiijw.

222 3061 375 3177 gmeth
501 3072 590 3135 Item
614 3091 692 3134 cum
717 3068 910 3153 antiquitus
934 3068 979 3132 sit
1003 3073 1177 3132 statutum
1201 3074 1235 3132 et
1260 3069 1458 3133 ordinatum
1482 3091 1522 3133 ac

244 3195 344 3256 nuiss.¹
412 3197 530 3240 eorum
553 3173 800 3239 consuetudine
824 3172 989 3237 laudabili
1012 3173 1047 3236 in
1072 3173 1166 3237 dicta
1189 3173 1329 3237 ecclesia
1352 3174 1522 3238 vsitatum

215 3287 380 3350 orkeeping
412 3288 447 3345 et
472 3283 694 3345 obseruatum
719 3278 813 3362 quod
838 3277 993 3342 canonici
1018 3277 1078 3361 qui
1104 3277 1326 3342 residenciam
1352 3278 1521 3363 incipiunt

223 3355 371 3402 mmm·
411 3385 624 3470 personalem
660 3382 776 3447 saltim
812 3382 847 3446 in
885 3402 1002 3446 eorum
1039 3382 1202 3465 primaria
1238 3382 1426 3447 residencia
1462 3403 1522 3467 per

411 3489 592 3555 duodecim
643 3487 854 3571 septimanas
891 3486 1033 3550 veniant
1070 3486 1115 3551 ad
1152 3487 1294 3551 chorum
1331 3487 1366 3551 in
1403 3507 1522 3551 eorum

411 3595 587 3660 habitibus
615 3599 650 3656 et
679 3591 770 3655 horis
798 3591 958 3655 intersint
986 3591 1159 3655 canonicis
1187 3592 1276 3655 sicut
1305 3591 1340 3655 in
1369 3591 1522 3675 ecclesijs

411 3699 575 3766 Suthwell
606 3704 641 3761 et
675 3695 848 3760 Beuerlac'
883 3701 934 3759 est
967 3695 1134 3759 hactenus
1167 3697 1400 3760 obseruatum.
1449 3695 1521 3759 Nos

410 3826 491 3870 uero
510 3800 706 3868 huiusmodi
725 3800 867 3864 statutis
886 3806 921 3863 et
940 3800 1217 3864 ordinacionibus
1235 3821 1305 3864 non
1324 3799 1521 3884 derogando

410 3910 470 3974 sed
485 3908 612 3973 eisdem
628 3905 786 3971 addendo
802 3904 1000 3969 ordinamus
1015 3909 1050 3968 et
1065 3904 1253 3969 statuimus
1267 3904 1361 3989 quod
1376 3904 1522 3988 quilibet

411 4014 594 4079 canonicus
618 4011 653 4075 in
677 4009 771 4074 dicta
794 4007 935 4072 ecclesia
959 4029 979 4072 a
1004 4013 1158 4092 tempore
1182 4007 1389 4092 incepcionis
1413 4008 1522 4093 prime

411 4139 470 4182 sue
492 4115 675 4181 residencie
697 4115 731 4178 in
753 4113 874 4177 eadem
895 4132 955 4197 per
976 4111 1158 4176 duodecim
1179 4111 1390 4197 septimanas
1413 4111 1522 4176 conti·
1599 4135 1601 4139 ⁴

411 4244 497 4288 nuas
530 4227 658 4285 extunc
690 4217 876 4299 inmediate
909 4221 1091 4301 sequentes
1124 4216 1259 4281 intersit
1293 4216 1453 4281 omnibus
1487 4223 1522 4280 et

411 4327 550 4412 singulis
573 4324 664 4389 horis
687 4321 859 4386 canonicis
882 4321 916 4386 in
939 4321 1042 4385 choro
1066 4320 1157 4385 dicte
1180 4321 1317 4386 ecclesie
1340 4321 1375 4385 in
1399 4321 1523 4385 habitu

207 4405 389 4520 iffiffffle
411 4454 484 4508 suo,
523 4452 562 4495 ac
598 4427 692 4513 quod
728 4426 883 4510 qualibet
920 4431 1020 4489 nocte
1058 4431 1139 4488 ante
1176 4425 1279 4489 finem
1316 4425 1523 4510 pulsacionis

218 4541 249 4586 to
261 4538 295 4586 be
308 4537 336 4585 in
351 4541 381 4585 at
413 4556 579 4621 campane
599 4533 643 4597 ad
662 4531 863 4616 ignitegium
883 4549 943 4614 per
961 4550 996 4592 se
1015 4530 1060 4593 sit
1080 4529 1114 4593 in
1135 4529 1238 4593 domo
1257 4530 1444 4594 mansionis
1463 4551 1523 4595 sue

243 4606 352 4653 currew.
414 4642 552 4716 ibidem,
574 4643 677 4723 prout
697 4637 732 4700 in
753 4635 831 4699 eccl.
855 4634 953 4699 Cath.
977 4634 1080 4698 Ebor.
1102 4634 1138 4698 in
1159 4635 1322 4719 primaria
1342 4641 1377 4699 et
1397 4656 1523 4721 magna

486 4799 493 4822 ¹
513 4793 538 4840 Α
550 4791 614 4854 long
627 4788 773 4846 side-note,
788 4787 893 4852 mostly
906 4788 1010 4837 erased.
