3392 5650
410 708 474 773 290
696 693 775 757 Tur
801 694 957 757 lucum(
982 693 1229 758 Mnuuscnrpr.

192 872 221 921 in
239 874 393 923 1111110111-
500 871 539 933 ln
579 872 642 934 Dei
680 873 828 946 nomine,
869 873 989 936 Amen.
1038 872 1111 936 Nos
1149 872 1304 937 Andreas
1343 872 1522 947 Newman,

411 973 601 1040 Canonicus
646 976 920 1041 Residenciarius
963 977 998 1040 in
1044 977 1135 1041 Eecl.
1182 977 1263 1041 Coll.
1311 977 1436 1060 Ripon’
1483 998 1524 1041 ac

412 1078 589 1144 Presidens
633 1081 782 1164 Capituli
826 1081 979 1145 eiusdem
1023 1087 1058 1145 et
1102 1081 1302 1165 Capitulum
1345 1082 1549 1157 facientes·

412 1184 619 1249 auctoritate
640 1192 759 1249 nostra
780 1186 954 1250 ordinaria
975 1192 1010 1250 et
1032 1192 1150 1250 tenore
1172 1187 1386 1270 presencium
1408 1207 1525 1251 mone-

411 1308 488 1352 mus
511 1309 629 1353 omnes
651 1296 686 1353 et
709 1291 860 1376 singulos
884 1290 1072 1355 Canonieos
1096 1296 1130 1354 et
1155 1291 1402 1355 Prebendarios
1425 1291 1525 1355 istius

412 1392 549 1456 ecclesie
574 1400 690 1459 nostre
716 1395 901 1480 Collegiate
924 1395 959 1459 in
987 1415 1109 1480 genere
1132 1396 1298 1480 quatinus
1321 1396 1411 1460 infra
1435 1394 1519 1478 xviij

413 1498 624 1580 septimanas
651 1499 720 1563 iam
748 1500 903 1584 proxime
931 1521 1023 1565 nunc
1051 1506 1086 1563 et
1116 1501 1304 1565 inmediate
1331 1505 1525 1586 sequentes

413 1622 560 1686 quarum
592 1624 673 1668 vero
705 1604 788 1686 xviij
825 1605 1098 1688 septimanarum
1130 1625 1189 1668 sex
1222 1605 1433 1689 septimanas
1464 1625 1528 1687 pro

413 1706 524 1789 primo
544 1714 578 1770 et
598 1728 656 1771 sex
677 1729 739 1791 pro
758 1709 909 1772 secundo
928 1730 969 1773 ac
988 1709 1137 1794 reliquas
1156 1729 1215 1772 sex
1235 1709 1446 1792 septimanas
1465 1729 1528 1792 pro

415 1812 520 1875 tercio
539 1833 579 1876 ae
598 1814 744 1877 termino
764 1814 1006 1897 peremptorie,
1028 1819 1063 1878 et
1082 1814 1274 1877 municione
1294 1813 1460 1878 canonica
1480 1813 1529 1876 eis

415 1921 449 1978 et
477 1935 594 1980 eorum
621 1917 761 1981 cuilibet
789 1918 987 2001 prefigimus
1014 1924 1049 1981 et
1077 1918 1302 2002 assignamus,
1332 1939 1372 1982 ae
1399 1917 1529 1982 eisdem

414 2040 475 2103 per
495 2040 612 2085 eorum
634 2028 872 2104 procuratores
894 2023 1012 2106 prefigi
1034 2028 1069 2085 et
1093 2023 1268 2107 assignari,
1292 2029 1327 2085 et
1348 2023 1390 2086 de
1411 2022 1529 2086 huius-

414 2125 508 2189 modi
533 2126 782 2190 monicionibus
807 2127 933 2190 nostris
958 2127 1079 2212 legatis
1104 2127 1153 2190 sic
1179 2147 1239 2210 per
1263 2147 1326 2190 nos
1360 2126 1462 2190 factis
1493 2131 1529 2190 et

202 2224 239 2301 an
252 2225 300 2272 the
310 2224 399 2338 buitur-
415 2229 559 2293 decretis
581 2230 730 2313 plenarie
753 2230 906 2295 intimari
929 2237 963 2294 et
986 2231 1162 2306 insinuari,
1186 2231 1352 2295 Volumus
1374 2235 1409 2294 et
1431 2249 1529 2293 man·

214 2305 388 2420 riggdrgheeri}
415 2334 537 2398 damus
564 2336 679 2398 omnia
705 2341 740 2399 et
766 2335 901 2420 singula
927 2336 1132 2410 mansiones
1161 2335 1292 2411 domos
1321 2334 1464 2409 edificia,
1492 2338 1529 2397 et

234 2424 367 2487 repaired,
416 2444 613 2502 tenementa
641 2439 685 2503 ad
713 2440 937 2503 canonicatus
965 2446 999 2502 et
1028 2439 1220 2522 prebendas
1248 2460 1328 2503 suos
1355 2438 1529 2523 predictos

415 2542 710 2627 qualitercumque
757 2544 969 2628 pertinencia
1015 2544 1175 2628 perfecte,
1225 2543 1441 2618 sufficienter,
1489 2547 1525 2605 et

415 2648 540 2723 debite,
558 2655 660 2731 prout
677 2654 849 2723 tenentur,
867 2655 1074 2723 sustentent,
1092 2650 1291 2723 suboment‚
1309 2650 1527 2732 supportent,

415 2752 621 2829 reedificent,
645 2760 815 2837 reparent,
839 2759 874 2816 et
897 2759 1109 2829 construant,
1137 2753 1201 2815 sub
1226 2773 1315 2836 pena
1337 2756 1528 2836 sequestra-

415 2858 521 2921 cionis
540 2858 726 2933 fructuum,
747 2858 957 2933 reddituum,
978 2864 1222 2942 prouentuum,
1243 2863 1278 2920 et
1296 2857 1528 2940 proficuorum

415 2962 682 3026 Canonicatibus
729 2969 764 3025 et
811 2962 993 3045 prebendis
1040 2962 1110 3026 suis
1157 2962 1407 3046 pertinencium
1454 2961 1527 3024 siue

415 3067 661 3150 spectancium,
696 3088 736 3131 ac
769 3067 878 3131 eciam
912 3068 976 3131 sub
1009 3087 1098 3150 pena
1132 3066 1276 3131 aliamm
1309 3085 1527 3129 sensurarum

416 3171 721 3236 ecclesiasticarum
736 3172 770 3235 in
786 3192 950 3254 personas
965 3171 1119 3235 omnium
1136 3176 1171 3235 et
1186 3171 1396 3255 singulorum
1412 3169 1528 3233 huius·

415 3275 509 3339 modi
538 3277 787 3340 monicionibus
817 3276 943 3339 nostris
974 3276 1135 3359 legitimis
1165 3296 1234 3339 non
1264 3275 1462 3358 parencium
1492 3274 1528 3337 in

415 3380 526 3443 forma
552 3380 644 3462 Juris
670 3380 943 3464 infligendarum.
993 3380 1147 3463 Insuper,
1176 3380 1384 3443 auctoritate
1409 3384 1529 3442 nostra

239 3475 366 3602 {1¹1¹an
416 3484 588 3548 ordinaria
599 3505 778 3549 monemus
791 3505 910 3549 omnes
923 3491 958 3548 et
971 3485 1122 3570 singulos
1135 3484 1336 3567 Capellanos
1349 3482 1529 3547 Cantarias

202 3607 302 3670 priests
312 3621 359 3656 are
372 3611 403 3656 to
415 3594 599 3671 perpetuas
620 3590 655 3652 in
677 3590 828 3672 presenti
850 3589 993 3653 ecclesia
1014 3595 1134 3653 nostra
1156 3588 1278 3673 Colleg.
1302 3587 1527 3672 possidentes,

216 3674 390 3788 ,ffireffilffi
416 3697 587 3777 quatenus
610 3693 740 3768 domos,
765 3693 908 3768 edificia,
933 3699 968 3758 et
991 3699 1191 3757 tenementa
1214 3713 1254 3756 ac
1277 3698 1390 3756 cetera
1413 3691 1529 3754 omnia

241 3807 369 3870 ingsand
416 3803 451 3860 et
480 3797 614 3881 singula
643 3799 744 3873 bona,
777 3818 838 3873 res,
871 3804 906 3863 et
937 3803 1142 3862 ornamenta
1172 3797 1217 3861 ad
1247 3797 1419 3861 cantarias
1449 3815 1529 3859 suas

257 3875 351 3937 3⁰⁰⁶&
416 3907 599 3985 perpetuas
633 3903 931 3986 qualitercumque
967 3902 1179 3986 pertinencia
1213 3902 1286 3965 siue
1320 3899 1526 3985 spectancia,

416 4006 576 4089 perfecte,
594 4007 811 4082 sufficienter,
830 4013 865 4070 et
884 4007 1000 4071 debite
1018 4012 1121 4091 prout
1140 4011 1303 4070 tenentur
1320 4004 1526 4079 reedificent,

416 4116 586 4192 reparent,
628 4117 844 4194 supportent,
888 4112 1088 4186 suboment‚
1132 4117 1166 4174 et
1208 4110 1399 4184 inueniant,
1441 4108 1529 4173 citra

417 4214 544 4278 festum
556 4215 673 4279 Sancti
686 4215 861 4279 Michaelis
873 4215 1077 4300 Archangeli
1089 4215 1244 4298 proxime
1255 4235 1348 4278 nune
1359 4214 1526 4289 futurum,

417 4319 481 4382 sub
506 4339 595 4402 pena
619 4339 679 4402 per
703 4321 819 4384 omnia
844 4319 1025 4384 Canonicis
1050 4325 1085 4383 et
1110 4318 1349 4401 Prehendarijs
1373 4317 1528 4401 superius

417 4423 590 4506 imposita.

267 4586 342 4635 1511.
504 4565 673 4630 Vicesimo
691 4566 838 4651 septimo
858 4567 912 4630 die
931 4566 1057 4630 mensis
1075 4566 1248 4651 Augusti,1
1269 4567 1370 4630 Anno
1389 4565 1528 4629 Domini

238 4643 309 4705 Aug.
324 4656 365 4702 ²7·
416 4670 627 4753 supradicto
654 4672 809 4755 prefatus
835 4672 879 4735 M.
908 4671 1086 4735 Presidens
1111 4670 1271 4754 Capituli,
1299 4671 1341 4735 de
1366 4669 1528 4734 monicio-

487 4825 494 4846 ¹
514 4820 590 4869 More
602 4822 672 4870 than
686 4823 763 4870 three
776 4821 866 4870 weeks
880 4823 991 4886 beyond
1004 4824 1053 4871 the
1070 4825 1099 4872 18
1113 4821 1211 4872 weeks'
1227 4823 1327 4872 notice.
