3392 5650
628 715 721 778 Acrs
740 732 790 778 or
814 713 993 779 Cnnprna.
1303 731 1364 793 123

256 897 335 961 eccl.
370 895 451 959 Coll.
488 893 637 978 Rypon',
671 893 818 957 salutem
851 892 885 956 in
918 894 1133 977 amplexibus
1166 892 1363 957 Saluatoris.

255 1000 345 1084 Quia
375 998 619 1063 canonicatum
650 1003 684 1060 et
716 997 927 1080 prebendam
960 998 1001 1061 de
1034 997 1300 1081 Staynewygges
1331 996 1366 1060 in

253 1104 332 1168 eccl.
355 1103 437 1167 Coll.
461 1101 598 1186 Rypon’
620 1101 776 1185 predicta
796 1121 857 1184 per
876 1102 1143 1186 resignacionem
1164 1101 1235 1165 d’ni
1256 1100 1367 1184 Joh'is

253 1210 295 1273 de
316 1208 517 1292 Myddelton
536 1206 650 1270 vltimi
668 1205 885 1289 prebendarii
898 1207 1085 1270 eorundem
1104 1206 1184 1271 d'no
1204 1207 1245 1270 de
1259 1206 1365 1279 Deen,

253 1312 441 1397 capellano,
473 1332 515 1375 ex
546 1331 651 1375 causa
680 1310 949 1394 permutacionis
985 1312 1076 1375 facte
1111 1332 1190 1375 cum
1226 1310 1367 1374 ecclesia

253 1416 441 1501 parochiali
470 1416 512 1479 de
541 1414 754 1497 Brandesby,
786 1414 888 1478 Ebor.
919 1415 1005 1479 dioc.
1036 1436 1142 1499 quam
1171 1415 1261 1479 idem
1290 1415 1367 1478 d’ns

255 1521 373 1604 Jolr'es
389 1522 484 1584 Deen
500 1520 660 1603 primitus
676 1518 839 1602 optinuit,
856 1526 1021 1584 vacantes
1036 1526 1070 1583 et
1086 1520 1131 1584 ad
1146 1519 1366 1584 collacionem

254 1626 338 1690 dicti
361 1625 537 1690 reuerendi
560 1624 595 1688 in
618 1645 686 1707 xpo
709 1623 818 1707 patris
840 1623 941 1705 pleno
963 1624 1035 1688 iure
1057 1629 1265 1707 spectantes,
1287 1645 1366 1688 auc-

255 1731 397 1795 toritate
430 1729 620 1794 sufficiente
650 1728 749 1792 nobis
780 1728 815 1790 in
847 1727 912 1791 hac
943 1735 1042 1812 parte
1074 1729 1266 1804 commissa,
1303 1729 1368 1812 ipsi

254 1834 473 1908 contulimus,
507 1839 542 1896 et
584 1832 697 1916 ipsum
738 1851 779 1894 ex
811 1853 916 1896 causa
947 1834 1214 1916 permutacionis
1249 1835 1300 1915 (54
1321 1837 1365 1918 v.)

254 1939 451 2004 huiusmodi
480 1958 541 2022 per
568 1938 645 2000 libri
676 1936 901 2002 tradicionem
931 1939 1171 2005 inuestiuimus
1200 1941 1368 2023 presenci-

255 2043 355 2107 aliter
379 2042 421 2106 de
447 2042 585 2106 eisdem.
634 2041 740 2106 Vobis
765 2041 972 2107 mandamus
999 2044 1165 2128 quatinus
1192 2045 1368 2127 prefatum

256 2148 352 2211 d’nm
375 2146 513 2229 Joh¹em
537 2147 632 2210 Deen
655 2146 710 2208 vel
732 2153 990 2228 procuratorem
1013 2169 1114 2212 suum
1137 2150 1208 2213 cius
1231 2150 1368 2214 nomine

255 2273 298 2315 ex
321 2272 425 2315 causa
448 2250 717 2335 permutacionis
741 2249 893 2333 predicte
917 2253 951 2315 in
975 2253 1186 2337 corporalem
1209 2255 1368 2338 possessi-

256 2376 357 2421 onem
389 2356 561 2420 dictorum
594 2356 818 2420 canonicatus
851 2362 886 2419 et
913 2357 1086 2439 prebende
1110 2357 1282 2422 inducatis
1314 2359 1369 2422 vel

256 2460 372 2525 induci
408 2461 554 2536 iaciatiS,
591 2482 671 2525 cum
707 2460 867 2524 omnibus
902 2461 972 2525 suis
1008 2462 1138 2526 iuribus
1174 2469 1208 2526 et
1244 2464 1367 2547 pertin.

257 2566 434 2640 vniuersis,
469 2565 609 2629 stallum
642 2565 676 2627 in
710 2564 824 2638 chora,
859 2565 972 2629 locum
1005 2566 1040 2629 in
1073 2567 1226 2651 capitulo
1259 2568 1369 2632 cidem

256 2671 480 2755 assignantes
505 2676 539 2733 et
561 2670 704 2733 ulterius
725 2670 815 2733 circa
837 2690 915 2732 eum
938 2669 1073 2733 faciatis
1095 2677 1129 2734 et
1152 2673 1370 2756 exequamini

256 2776 291 2840 in
319 2776 383 2840 hac
410 2782 508 2860 parte
535 2775 629 2859 quod
656 2780 707 2839 est
735 2779 900 2839 vestrum.
949 2773 1030 2838 Dat.
1061 2774 1197 2859 Rypon'
1227 2776 1284 2860 xxj
1315 2776 1369 2840 die

255 2880 381 2945 mensis
413 2880 549 2964 Aprilis,
583 2880 683 2943 Anno
716 2878 796 2942 D’ni
830 2878 986 2941 Mill’imo
1018 2892 1118 2942 ccc¹¹¹0
1148 2881 1369 2964 nonogesimo

258 2986 418 3070 septimo

346 3121 417 3190 Nos
449 3126 555 3210 igitur
587 3127 793 3190 mandatum
827 3124 894 3188 d'ci
929 3123 1081 3208 Magistri
1115 3123 1218 3188 Will'i
1251 3126 1369 3189 vicarii

257 3231 422 3316 generalis
454 3237 557 3314 prout
589 3237 746 3295 tenemur
777 3229 893 3293 debite
924 3234 1142 3311 exequentes,
1176 3231 1369 3313 predictum

258 3335 354 3400 d’nm
387 3335 525 3418 Joh’em
559 3336 653 3399 Deen
687 3335 721 3398 in
754 3332 966 3417 corporalem
999 3334 1246 3416 possessionem
1279 3336 1370 3400 dicte

258 3439 430 3525 prebende
450 3440 492 3504 de
512 3440 790 3523 StaynewyggeS,
811 3436 951 3501 stallum
971 3437 1006 3500 in
1025 3438 1128 3502 choro
1149 3445 1183 3503 et
1203 3439 1315 3504 locum
1335 3441 1369 3504 in

259 3545 419 3628 Capitulo
443 3544 534 3607 dicte
559 3543 731 3626 prebende
755 3542 874 3606 debita
898 3547 932 3604 et
956 3549 1121 3606 consueta
1145 3545 1369 3635 assignantes,

259 3670 338 3714 cum
368 3649 528 3713 omnibus
558 3648 688 3712 iuribus
718 3654 753 3710 et
782 3646 1001 3730 pertinenciis
1030 3647 1100 3711 suis
1130 3649 1296 3714 vniuersis
1326 3652 1370 3715 ad

260 3755 390 3818 dictam
418 3753 629 3836 prebendam
657 3752 919 3837 pertinentibus
949 3751 1148 3817 induximus
1176 3754 1210 3817 in
1238 3756 1368 3821 eadem.

261 3860 301 3922 ln
318 3858 415 3923 cuius
432 3857 477 3920 rei
496 3857 732 3921 testimonium
749 3855 897 3941 sigillum
914 3861 1070 3919 nostrum
1087 3859 1302 3939 presentibus
1319 3868 1370 3925 est

260 3982 461 4046 appensum.
511 3961 591 4024 Dat.
626 3961 661 4023 in
694 3960 797 4023 domo
830 3966 948 4023 nostra
981 3961 1173 4044 capitulari,
1208 3965 1371 4030 vicesimo

260 4072 360 4130 sexto
398 4064 452 4129 die
491 4065 616 4129 mensis
654 4064 790 4147 Aprilis
830 4063 931 4127 Anno
970 4065 1041 4128 d’ni
1080 4066 1234 4132 Mill'imo
1273 4083 1371 4134 ccc¹¹¹0

260 4170 483 4254 nonogesimo
501 4171 659 4253 septima.

627 4335 713 4418 (195)
741 4335 878 4399 Lirem
902 4353 1100 4403 mresrnrr.

352 4477 550 4561 Capitulum
567 4476 646 4540 eccl.
665 4475 739 4540 coll.
759 4476 805 4539 b'i
823 4475 970 4540 Wiliridi
990 4477 1113 4561 Ripon'
1133 4481 1257 4547 dilecto
1274 4486 1372 4550 nobis

264 4583 299 4646 in
318 4602 387 4665 xpo
404 4580 486 4644 d’no
505 4580 602 4644 Ric’o
620 4580 663 4643 de
681 4581 828 4654 Morton,
847 4581 995 4644 salutem
1013 4583 1047 4645 in
1066 4604 1105 4647 eo
1123 4605 1182 4668 per
1199 4607 1302 4669 quem
1320 4598 1371 4655 est

265 4706 347 4750 vera
372 4685 473 4749 salus
522 4685 572 4748 De
598 4685 667 4748 tuis
692 4683 858 4748 fidelitate
884 4692 917 4749 et
943 4687 1112 4752 industria
1136 4690 1269 4773 plenius
1294 4715 1372 4758 con-

265 4790 421 4865 fidentes,
451 4789 766 4853 administratorem
794 4790 963 4855 bonorum
991 4813 1057 4876 que
1086 4794 1224 4859 luerunt
1254 4797 1373 4866 Rob’ti

1393 3140 1573 3212 'l'estimonial

1383 3208 1412 3256 ot
1427 3208 1581 3257 incluction.
