3392 5650
326 735 389 800 134
609 716 688 781 Tus
714 715 869 780 [norror
894 715 1139 782 Manuscmrr.

118 886 309 1007 ffimflssdfl
324 896 473 960 Thomas
496 896 538 959 de
562 895 798 980 Merkyngfeld
820 895 928 969 miles,
953 915 1053 958 verus
1076 894 1228 959 eiusdem
1251 900 1429 978 patronus,

113 990 168 1068 anu
183 972 310 1074 lddlidis
323 1006 369 1076 et,
391 1001 464 1084 ipso
484 1006 631 1074 mortuo,
653 1001 749 1063 heres
768 1020 851 1064 suus
870 1000 929 1083 qui
950 1020 1012 1083 pro
1032 1006 1185 1083 tempore
1206 1000 1319 1075 fuerit,
1341 1000 1431 1064 infra

148 1092 263 1219 pgggffs
323 1105 554 1189 quadraginta
582 1105 654 1168 dies
683 1127 703 1169 a
733 1111 887 1187 tempore
916 1104 1097 1168 cuiuslibet
1126 1110 1207 1168 note
1237 1104 1431 1169 vacacionis

266 1196 271 1207 ⁹
324 1209 486 1284 eiusdem,
523 1209 744 1292 capellanum
779 1208 953 1291 ydoneum
988 1208 1032 1272 ad
1067 1209 1197 1273 dictam
1232 1209 1431 1274 Cantariam

324 1313 483 1397 Capitulo
506 1314 630 1397 Ripon’
654 1313 877 1397 presentabit,
901 1312 961 1396 qui
983 1313 1123 1397 quidem
1146 1313 1350 1397 Capellanus
1371 1334 1432 1398 per

323 1417 455 1483 dictum
486 1418 684 1501 Capitulum
715 1417 759 1481 ad
790 1417 900 1500 ipsam
931 1417 1129 1481 Cantariam
1160 1417 1366 1482 admittetur
1396 1423 1431 1481 et

323 1522 524 1587 instituetur
540 1523 701 1587 canonice
718 1522 752 1585 in
770 1521 900 1585 eadem.
949 1522 995 1585 Et
1012 1522 1040 1585 si
1057 1521 1170 1587 dictus
1187 1522 1263 1586 d'ns
1281 1521 1431 1586 Thomas

322 1627 377 1689 vel
394 1627 534 1690 heredes
551 1627 603 1691 sui
621 1626 709 1690 infra
727 1626 923 1690 huiusmodi
940 1626 1171 1710 quadraginta
1188 1625 1260 1690 dies
1277 1624 1430 1709 Capella-

321 1751 405 1794 num
419 1732 592 1813 ydoneum
606 1731 650 1795 ad
664 1730 794 1794 dictam
807 1729 1006 1794 Cantariam
1019 1752 1098 1795 cum
1111 1751 1234 1795 vacare
1249 1730 1430 1815 contigerit

322 1857 390 1899 non
408 1836 691 1919 presentauerint,
710 1841 838 1900 extunc
855 1836 890 1899 in
908 1836 979 1899 eius
996 1836 1051 1899 vel
1068 1836 1103 1899 in
1121 1856 1238 1900 eorum
1256 1836 1430 1900 defectum

322 1940 461 2004 collacio
485 1940 636 2004 eiusdem
660 1939 704 2003 ad
728 1940 861 2004 dictum
889 1939 1087 2023 Capitulum
1116 1940 1240 2024 Ripon’
1270 1940 1328 2005 illa
1355 1940 1430 2004 vice

322 2044 424 2107 libere
442 2045 658 2118 deuoluatur,
677 2044 773 2108 saluo
791 2044 884 2107 dicto
902 2045 983 2109 d'no
1001 2043 1131 2108 Thome
1149 2050 1183 2109 et
1201 2045 1270 2109 her.
1285 2066 1311 2109 s.
1328 2044 1430 2128 pleno

124 2216 129 2228 -
322 2148 392 2212 iure
404 2148 448 2212 ad
460 2149 590 2213 dictam
601 2148 799 2212 Cantariam
811 2148 894 2213 alias
906 2170 984 2213 cum
996 2149 1183 2225 vacauerit,
1196 2149 1427 2232 presentandi.

131 2246 289 2363 ChaTffgiffs
322 2253 475 2336 Insuper,
504 2252 648 2337 quilibet
676 2253 879 2336 Capellanus
906 2253 965 2338 qui
993 2273 1054 2335 pro
1082 2259 1236 2336 tempore
1263 2252 1367 2317 luerit
1395 2253 1428 2317 in

168 2329 245 2429 nitu.
321 2357 525 2421 admissione
542 2379 605 2421 sua
621 2357 666 2421 ad
683 2357 813 2421 dictam
830 2357 1028 2422 Cantariam
1046 2357 1174 2421 iurabit
1191 2378 1293 2440 super
1308 2363 1429 2421 sancta

320 2461 384 2524 Dei
416 2462 605 2545 Euangelia
635 2461 729 2545 quod
756 2462 887 2537 calices,
916 2462 1029 2536 libros,
1058 2461 1277 2537 vestimenta,
1306 2462 1427 2537 tualia‚

319 2587 413 2641 vasa,
432 2572 466 2630 et
484 2566 550 2630 alia
567 2573 770 2630 ornamenta
787 2565 995 2650 pertinentia
1012 2565 1105 2629 dicto
1122 2564 1244 2641 Altari,
1263 2587 1303 2630 ac
1319 2566 1428 2630 eciam

319 2677 437 2746 terras,
464 2692 525 2746 res,
553 2670 717 2746 redditus,
744 2676 953 2745 tenementa,
979 2675 1103 2745 cartas,
1129 2670 1356 2746 munimenta,
1384 2670 1429 2735 ad

318 2775 448 2840 dictam
489 2775 687 2841 Cantariam
728 2775 937 2859 pertinentia
976 2774 1109 2859 integra
1149 2781 1183 2839 et
1224 2774 1318 2840 illesa
1357 2774 1429 2841 sine

318 2881 547 2945 diminucione
566 2881 716 2964 aliquali,
735 2881 831 2964 saluo
848 2879 1020 2944 custodiet
1038 2885 1072 2942 et
1091 2878 1194 2965 faciet
1211 2879 1374 2944 custodiri
1394 2887 1428 2944 et
1495 2947 1501 2953 ,

317 2985 462 3048 fideliter
496 2985 680 3060 obseruari,
717 2992 751 3049 et
782 2984 886 3049 nichil
919 2983 1059 3047 omnino
1090 2983 1132 3047 de
1163 2983 1335 3067 premissis
1366 2984 1428 3048 im-

318 3089 524 3173 pignorabit,
551 3089 689 3163 vendet,
717 3089 772 3152 vel
798 3089 842 3152 ad
869 3095 1072 3171 perpetuam
1099 3087 1233 3152 firmam
1260 3088 1425 3164 dimittet,

317 3214 377 3257 seu
405 3194 520 3277 aliquo
547 3213 765 3278 quocumque
793 3193 896 3257 titulo
924 3193 979 3255 vel
1006 3192 1142 3276 ingenio
1170 3192 1345 3268 alienabit,
1374 3199 1426 3258 set

319 3297 473 3381 predicta
501 3303 704 3362 ornamenta
732 3304 767 3361 et
795 3297 969 3381 mesuagia
998 3298 1042 3361 ad
1070 3297 1200 3361 dictam
1228 3296 1426 3362 Cantariam

318 3402 524 3486 spectancia,
567 3402 856 3486 quandocumque
898 3402 1084 3466 refercione
1125 3401 1343 3485 indiguerint,
1387 3423 1427 3467 ea

319 3502 515 3588 sumptibus
540 3505 609 3569 suis
635 3505 782 3589 proprijs
808 3506 982 3589 reparabit
1007 3526 1067 3570 seu
1093 3506 1196 3569 faciet
1221 3504 1428 3571 sufficienter

106 3606 305 3722 Thteocfflssiss
319 3610 478 3693 reparari.
527 3609 705 3673 Predictus
732 3609 839 3672 eciam
867 3609 1070 3693 Capellanus
1098 3610 1269 3694 prefatam
1296 3609 1426 3674 habens

106 3757 140 3790 on
154 3741 202 3789 the
221 3740 303 3788 south
319 3712 517 3777 Cantariam
535 3713 570 3776 in
590 3713 725 3796 prelata
744 3714 826 3778 villa
846 3713 970 3797 Ripon’
993 3714 1027 3777 in
1047 3735 1167 3779 manso
1186 3735 1247 3779 suo
1267 3734 1308 3778 ex
1328 3721 1426 3798 parte

126 3807 287 3922 Sigfiussfeffihe
319 3817 461 3881 australi
493 3817 630 3880 ecclesie
663 3817 787 3901 Ripon'
822 3838 927 3901 prope
959 3817 1171 3883 Cimiterium
1204 3819 1427 3902 personaliter

142 3956 208 3990 near
222 3913 269 3988 tui¹
319 3921 480 3985 residebit
493 3929 527 3986 et
539 3922 680 4006 singulis
692 3921 822 3997 diebus,
836 3922 1083 4006 impedimento
1095 3930 1249 3987 cessante
1262 3923 1424 4007 legitimo,

106 4008 305 4136 affissffiffi
319 4026 458 4090 missam
486 4048 584 4091 suam
612 4047 673 4109 pro
701 4027 882 4091 animabus
910 4027 1071 4117 predictis
1100 4028 1144 4092 ad
1172 4027 1279 4091 altare
1307 4049 1425 4112 supra-

106 4157 178 4218 mass
196 4141 238 4189 ror
257 4141 305 4188 the
318 4131 461 4206 dictum,
492 4138 525 4195 et
555 4131 704 4195 officium
733 4137 948 4196 mortuorum
976 4131 1116 4216 singulis
1146 4131 1266 4196 diebus
1295 4133 1424 4197 feriatis

126 4210 186 4258 Μ
200 4208 282 4263 ⁵⁰⁸¹S’
317 4235 458 4318 quando
481 4235 664 4299 dicendum
688 4235 790 4300 fuerit
814 4236 906 4300 dicat
931 4241 965 4299 et
989 4236 1093 4300 faciat
1118 4257 1196 4300 eum
1220 4237 1367 4301 Placebo
1390 4244 1424 4302 et

139 4276 208 4324 with
221 4275 269 4322 the

106 4345 189 4392 Offioe
208 4341 237 4390 οἱ
257 4341 304 4388 the
318 4341 443 4424 Dirige,
467 4340 773 4404 Commendacione
795 4341 988 4404 animarum
1009 4362 1087 4405 curn
1110 4341 1325 4406 oracionibus
1345 4363 1424 4407 con-

140 4409 218 4458 Dead
232 4423 268 4456 ou
391 4446 396 4456 .
534 4445 539 4455 .
979 4445 983 4455 .
1113 4445 1118 4456 .
1231 4446 1237 4466 ,
1391 4447 1397 4458 .

122 4476 199 4525 seria}
212 4476 290 4537 days,
317 4446 426 4520 sultis
451 4445 613 4528 speciales
636 4446 795 4509 collectas
820 4465 881 4529 pro
905 4446 1004 4508 nobis
1028 4451 1062 4509 et
1087 4446 1180 4509 drcto
1204 4446 1285 4510 dno
1310 4446 1424 4511 Dauid

121 4541 292 4659 flffiffgcsstsssial
317 4570 357 4613 ac
383 4548 535 4633 personis
562 4554 597 4611 et
624 4548 805 4613 animabus
832 4549 991 4613 omnibus
1017 4549 1224 4632 supradictis
1251 4549 1286 4614 in
1314 4550 1424 4615 forma

260 4644 266 4656 ’
316 4653 471 4736 superius
495 4652 649 4716 recitata.
697 4653 731 4717 Si
756 4673 837 4717 vero
862 4653 975 4716 dictus
999 4653 1202 4737 Capellanus
1227 4654 1357 4738 aliquid
1381 4655 1423 4721 de

316 4758 416 4823 dictis
430 4756 524 4822 libris
539 4763 573 4820 et
588 4757 808 4833 ornamentis,
825 4757 1026 4833 redditibus,
1043 4758 1151 4834 terris,
1168 4764 1203 4823 et
1218 4758 1423 4824 tenementis
