<?xml version="1.0" encoding="UTF-8"?>
<!DOCTYPE html PUBLIC "-//W3C//DTD XHTML 1.0 Transitional//EN"
    "http://www.w3.org/TR/xhtml1/DTD/xhtml1-transitional.dtd">
<html xmlns="http://www.w3.org/1999/xhtml" xml:lang="en" lang="en">
 <head>
  <title>
</title>
<meta http-equiv="Content-Type" content="text/html;charset=utf-8" />
  <meta name='ocr-system' content='tesseract 3.04.00' />
  <meta name='ocr-capabilities' content='ocr_page ocr_carea ocr_par ocr_line ocrx_word'/>
</head>
<body>
  <div class='ocr_page' id='page_1' title='image "./memorialschurch01fowlgoog_0275.png"; bbox 0 0 3392 5650; ppageno 0'>
   <div class='ocr_carea' id='block_1_1' title="bbox 650 704 1386 785">
    <p class='ocr_par' dir='ltr' id='par_1_1' title="bbox 650 704 1386 785">
     <span class='ocr_line' id='line_1_1' title="bbox 650 704 1386 785; baseline 0 -17"><span class='ocrx_word' id='word_1_1' title='bbox 650 705 743 769; x_wconf 83' lang='lat' dir='ltr'>Acrs</span> <span class='ocrx_word' id='word_1_2' title='bbox 767 722 812 769; x_wconf 80' lang='lat' dir='ltr'>or</span> <span class='ocrx_word' id='word_1_3' title='bbox 836 704 1014 769; x_wconf 80' lang='lat' dir='ltr'><strong>CHAPTER.</strong></span> <span class='ocrx_word' id='word_1_4' title='bbox 1323 721 1386 785; x_wconf 83' lang='lat'>233</span> 
     </span>
    </p>
   </div>
   <div class='ocr_carea' id='block_1_2' title="bbox 273 882 1387 2013">
    <p class='ocr_par' dir='ltr' id='par_1_2' title="bbox 273 882 1387 2013">
     <span class='ocr_line' id='line_1_2' title="bbox 277 882 1386 967; baseline 0 -20"><span class='ocrx_word' id='word_1_5' title='bbox 277 885 412 948; x_wconf 89' lang='lat' dir='ltr'>firmam</span> <span class='ocrx_word' id='word_1_6' title='bbox 433 884 507 949; x_wconf 91' lang='lat' dir='ltr'>dari</span> <span class='ocrx_word' id='word_1_7' title='bbox 529 884 669 948; x_wconf 92' lang='lat' dir='ltr'>omnino</span> <span class='ocrx_word' id='word_1_8' title='bbox 690 884 732 948; x_wconf 90' lang='lat' dir='ltr'>de</span> <span class='ocrx_word' id='word_1_9' title='bbox 753 884 825 948; x_wconf 89' lang='lat' dir='ltr'>iure</span> <span class='ocrx_word' id='word_1_10' title='bbox 846 883 1058 967; x_wconf 84' lang='lat' dir='ltr'>prohibetur,</span> <span class='ocrx_word' id='word_1_11' title='bbox 1081 882 1272 947; x_wconf 91' lang='lat' dir='ltr'>iudicantes</span> <span class='ocrx_word' id='word_1_12' title='bbox 1293 884 1386 967; x_wconf 92' lang='lat' dir='ltr'>quod</span> 
     </span>
     <span class='ocr_line' id='line_1_3' title="bbox 275 988 1387 1074; baseline 0 -23"><span class='ocrx_word' id='word_1_13' title='bbox 275 989 455 1074; x_wconf 84' lang='lat' dir='ltr'>indignum</span> <span class='ocrx_word' id='word_1_14' title='bbox 493 990 564 1053; x_wconf 85' lang='lat' dir='ltr'>iore</span> <span class='ocrx_word' id='word_1_15' title='bbox 601 1010 680 1053; x_wconf 89' lang='lat' dir='ltr'>curn</span> <span class='ocrx_word' id='word_1_16' title='bbox 716 988 953 1073; x_wconf 77' lang='lat' dir='ltr'>spiritualibus</span> <span class='ocrx_word' id='word_1_17' title='bbox 990 1008 1050 1072; x_wconf 90' lang='lat' dir='ltr'>per</span> <span class='ocrx_word' id='word_1_18' title='bbox 1086 988 1266 1072; x_wconf 91' lang='lat' dir='ltr'>pecuniam</span> <span class='ocrx_word' id='word_1_19' title='bbox 1303 988 1387 1052; x_wconf 89' lang='lat' dir='ltr'>inire</span> 
     </span>
     <span class='ocr_line' id='line_1_4' title="bbox 274 1092 1387 1178; baseline -0.002 -20"><span class='ocrx_word' id='word_1_20' title='bbox 274 1094 526 1169; x_wconf 87' lang='lat' dir='ltr'>commercium,</span> <span class='ocrx_word' id='word_1_21' title='bbox 545 1093 699 1178; x_wconf 90' lang='lat' dir='ltr'>predicto</span> <span class='ocrx_word' id='word_1_22' title='bbox 715 1093 843 1157; x_wconf 82' lang='lat' dir='ltr'>salubri</span> <span class='ocrx_word' id='word_1_23' title='bbox 863 1098 998 1156; x_wconf 90' lang='lat' dir='ltr'>statuto</span> <span class='ocrx_word' id='word_1_24' title='bbox 1018 1114 1087 1156; x_wconf 93' lang='lat' dir='ltr'>non</span> <span class='ocrx_word' id='word_1_25' title='bbox 1104 1092 1310 1177; x_wconf 87' lang='lat' dir='ltr'>derogando,</span> <span class='ocrx_word' id='word_1_26' title='bbox 1327 1092 1387 1156; x_wconf 95' lang='lat' dir='ltr'>sed</span> 
     </span>
     <span class='ocr_line' id='line_1_5' title="bbox 275 1196 1387 1280; baseline -0.003 -18"><span class='ocrx_word' id='word_1_27' title='bbox 275 1198 385 1262; x_wconf 90' lang='lat' dir='ltr'>eidem</span> <span class='ocrx_word' id='word_1_28' title='bbox 420 1198 610 1272; x_wconf 90' lang='lat' dir='ltr'>adiciendo,</span> <span class='ocrx_word' id='word_1_29' title='bbox 644 1197 842 1262; x_wconf 80' lang='lat' dir='ltr'>ordinamus</span> <span class='ocrx_word' id='word_1_30' title='bbox 873 1203 908 1261; x_wconf 94' lang='lat' dir='ltr'>et</span> <span class='ocrx_word' id='word_1_31' title='bbox 939 1197 1125 1261; x_wconf 80' lang='lat' dir='ltr'>statuimus</span> <span class='ocrx_word' id='word_1_32' title='bbox 1156 1196 1250 1280; x_wconf 93' lang='lat' dir='ltr'>quod</span> <span class='ocrx_word' id='word_1_33' title='bbox 1283 1196 1311 1260; x_wconf 91' lang='lat' dir='ltr'>si</span> <span class='ocrx_word' id='word_1_34' title='bbox 1345 1196 1387 1260; x_wconf 94' lang='lat' dir='ltr'>de</span> 
     </span>
     <span class='ocr_line' id='line_1_6' title="bbox 274 1301 1387 1387; baseline -0.001 -21"><span class='ocrx_word' id='word_1_35' title='bbox 274 1309 387 1367; x_wconf 87' lang='lat' dir='ltr'>cetero</span> <span class='ocrx_word' id='word_1_36' title='bbox 420 1304 592 1387; x_wconf 91' lang='lat' dir='ltr'>quispiam</span> <span class='ocrx_word' id='word_1_37' title='bbox 626 1302 879 1377; x_wconf 72' lang='lat' dir='ltr'>contrafecerit,</span> <span class='ocrx_word' id='word_1_38' title='bbox 915 1301 1059 1365; x_wconf 91' lang='lat' dir='ltr'>tradicio</span> <span class='ocrx_word' id='word_1_39' title='bbox 1093 1301 1138 1365; x_wconf 90' lang='lat' dir='ltr'>ad</span> <span class='ocrx_word' id='word_1_40' title='bbox 1171 1302 1306 1365; x_wconf 87' lang='lat' dir='ltr'>firmam</span> <span class='ocrx_word' id='word_1_41' title='bbox 1339 1301 1387 1365; x_wconf 92' lang='lat' dir='ltr'>sic</span> 
     </span>
     <span class='ocr_line' id='line_1_7' title="bbox 275 1405 1386 1489; baseline -0.002 -18"><span class='ocrx_word' id='word_1_42' title='bbox 275 1408 368 1471; x_wconf 83' lang='lat' dir='ltr'>lacta</span> <span class='ocrx_word' id='word_1_43' title='bbox 387 1429 456 1471; x_wconf 93' lang='lat' dir='ltr'>non</span> <span class='ocrx_word' id='word_1_44' title='bbox 476 1412 594 1471; x_wconf 90' lang='lat' dir='ltr'>teneat</span> <span class='ocrx_word' id='word_1_45' title='bbox 613 1406 683 1471; x_wconf 92' lang='lat' dir='ltr'>ullo</span> <span class='ocrx_word' id='word_1_46' title='bbox 702 1407 816 1482; x_wconf 92' lang='lat' dir='ltr'>modo,</span> <span class='ocrx_word' id='word_1_47' title='bbox 838 1406 1132 1470; x_wconf 90' lang='lat' dir='ltr'>etnichilominus</span> <span class='ocrx_word' id='word_1_48' title='bbox 1151 1405 1243 1469; x_wconf 90' lang='lat' dir='ltr'>vltra</span> <span class='ocrx_word' id='word_1_49' title='bbox 1261 1426 1386 1489; x_wconf 93' lang='lat' dir='ltr'>penam</span> 
     </span>
     <span class='ocr_line' id='line_1_8' title="bbox 275 1510 1386 1596; baseline -0.002 -20"><span class='ocrx_word' id='word_1_50' title='bbox 275 1534 348 1577; x_wconf 87' lang='lat' dir='ltr'>xxs.</span> <span class='ocrx_word' id='word_1_51' title='bbox 373 1513 529 1596; x_wconf 90' lang='lat' dir='ltr'>superius</span> <span class='ocrx_word' id='word_1_52' title='bbox 551 1512 784 1596; x_wconf 89' lang='lat' dir='ltr'>specificatam</span> <span class='ocrx_word' id='word_1_53' title='bbox 807 1517 907 1574; x_wconf 90' lang='lat' dir='ltr'>sexta</span> <span class='ocrx_word' id='word_1_54' title='bbox 928 1531 1008 1594; x_wconf 92' lang='lat' dir='ltr'>pars</span> <span class='ocrx_word' id='word_1_55' title='bbox 1030 1517 1262 1595; x_wconf 92' lang='lat' dir='ltr'>prouentuum</span> <span class='ocrx_word' id='word_1_56' title='bbox 1285 1510 1386 1575; x_wconf 91' lang='lat' dir='ltr'>huius</span> 
     </span>
     <span class='ocr_line' id='line_1_9' title="bbox 275 1615 1386 1701; baseline -0.002 -21"><span class='ocrx_word' id='word_1_57' title='bbox 275 1617 321 1680; x_wconf 89' lang='lat' dir='ltr'>rei</span> <span class='ocrx_word' id='word_1_58' title='bbox 339 1637 445 1701; x_wconf 89' lang='lat' dir='ltr'>quam</span> <span class='ocrx_word' id='word_1_59' title='bbox 463 1616 505 1680; x_wconf 94' lang='lat' dir='ltr'>de</span> <span class='ocrx_word' id='word_1_60' title='bbox 522 1616 616 1680; x_wconf 79' lang='lat' dir='ltr'>iacto</span> <span class='ocrx_word' id='word_1_61' title='bbox 634 1616 679 1680; x_wconf 94' lang='lat' dir='ltr'>ad</span> <span class='ocrx_word' id='word_1_62' title='bbox 696 1615 831 1679; x_wconf 90' lang='lat' dir='ltr'>firmam</span> <span class='ocrx_word' id='word_1_63' title='bbox 850 1615 924 1679; x_wconf 92' lang='lat' dir='ltr'>dari</span> <span class='ocrx_word' id='word_1_64' title='bbox 941 1621 1063 1679; x_wconf 87' lang='lat' dir='ltr'>contra</span> <span class='ocrx_word' id='word_1_65' title='bbox 1079 1620 1253 1679; x_wconf 87' lang='lat' dir='ltr'>statutum</span> <span class='ocrx_word' id='word_1_66' title='bbox 1271 1615 1386 1679; x_wconf 89' lang='lat' dir='ltr'>huius-</span> 
     </span>
     <span class='ocr_line' id='line_1_10' title="bbox 274 1719 1387 1805; baseline 0 -21"><span class='ocrx_word' id='word_1_67' title='bbox 274 1721 368 1785; x_wconf 95' lang='lat' dir='ltr'>modi</span> <span class='ocrx_word' id='word_1_68' title='bbox 395 1721 577 1805; x_wconf 82' lang='lat' dir='ltr'>contigerit</span> <span class='ocrx_word' id='word_1_69' title='bbox 605 1721 749 1784; x_wconf 85' lang='lat' dir='ltr'>frabrice</span> <span class='ocrx_word' id='word_1_70' title='bbox 778 1720 850 1802; x_wconf 77' lang='lat' dir='ltr'>(sic)</span> <span class='ocrx_word' id='word_1_71' title='bbox 882 1719 973 1783; x_wconf 90' lang='lat' dir='ltr'>dicte</span> <span class='ocrx_word' id='word_1_72' title='bbox 1000 1719 1137 1783; x_wconf 86' lang='lat' dir='ltr'>ecclesie</span> <span class='ocrx_word' id='word_1_73' title='bbox 1164 1720 1257 1783; x_wconf 92' lang='lat' dir='ltr'>omni</span> <span class='ocrx_word' id='word_1_74' title='bbox 1284 1719 1387 1784; x_wconf 92' lang='lat' dir='ltr'>modo</span> 
     </span>
     <span class='ocr_line' id='line_1_11' title="bbox 275 1820 1387 1911; baseline 0 -23"><span class='ocrx_word' id='word_1_75' title='bbox 275 1826 467 1909; x_wconf 89' lang='lat' dir='ltr'>applicetur</span> <span class='ocrx_word' id='word_1_76' title='bbox 496 1832 531 1889; x_wconf 90' lang='lat' dir='ltr'>et</span> <span class='ocrx_word' id='word_1_77' title='bbox 559 1846 619 1910; x_wconf 90' lang='lat' dir='ltr'>per</span> <span class='ocrx_word' id='word_1_78' title='bbox 642 1824 957 1911; x_wconf 90' lang='lat' dir='ltr'>sequastracionem</span> <span class='ocrx_word' id='word_1_79' title='bbox 984 1823 1054 1907; x_wconf 84' lang='lat' dir='ltr'>(sic)</span> <span class='ocrx_word' id='word_1_80' title='bbox 1074 1820 1257 1888; x_wconf 72' lang='lat' dir='ltr'>⁴fructuum</span> <span class='ocrx_word' id='word_1_81' title='bbox 1282 1824 1387 1888; x_wconf 91' lang='lat' dir='ltr'>delin-</span> 
     </span>
     <span class='ocr_line' id='line_1_12' title="bbox 273 1928 1385 2013; baseline -0.001 -19"><span class='ocrx_word' id='word_1_82' title='bbox 273 1930 411 2013; x_wconf 89' lang='lat' dir='ltr'>quentis</span> <span class='ocrx_word' id='word_1_83' title='bbox 428 1930 636 1994; x_wconf 88' lang='lat' dir='ltr'>auctoritate</span> <span class='ocrx_word' id='word_1_84' title='bbox 648 1929 799 2013; x_wconf 88' lang='lat' dir='ltr'>Capituli</span> <span class='ocrx_word' id='word_1_85' title='bbox 811 1928 972 2004; x_wconf 88' lang='lat' dir='ltr'>fiendam,</span> <span class='ocrx_word' id='word_1_86' title='bbox 986 1948 1047 2012; x_wconf 90' lang='lat' dir='ltr'>per</span> <span class='ocrx_word' id='word_1_87' title='bbox 1062 1929 1175 2012; x_wconf 92' lang='lat' dir='ltr'>ipsum</span> <span class='ocrx_word' id='word_1_88' title='bbox 1187 1928 1385 2013; x_wconf 85' lang='lat' dir='ltr'>Capitulum</span> 
     </span>
    </p>
   </div>
   <div class='ocr_carea' id='block_1_3' title="bbox 274 2033 1217 2118">
    <p class='ocr_par' dir='ltr' id='par_1_3' title="bbox 274 2033 1217 2118">
     <span class='ocr_line' id='line_1_13' title="bbox 274 2033 1217 2118; baseline 0 -21"><span class='ocrx_word' id='word_1_89' title='bbox 274 2033 409 2098; x_wconf 85' lang='lat' dir='ltr'>realiter</span> <span class='ocrx_word' id='word_1_90' title='bbox 424 2035 568 2110; x_wconf 87' lang='lat' dir='ltr'>leuetur,</span> <span class='ocrx_word' id='word_1_91' title='bbox 588 2034 623 2098; x_wconf 93' lang='lat' dir='ltr'>in</span> <span class='ocrx_word' id='word_1_92' title='bbox 642 2055 743 2098; x_wconf 86' lang='lat' dir='ltr'>vsum</span> <span class='ocrx_word' id='word_1_93' title='bbox 763 2033 957 2118; x_wconf 89' lang='lat' dir='ltr'>predictum</span> <span class='ocrx_word' id='word_1_94' title='bbox 976 2033 1217 2097; x_wconf 90' lang='lat' dir='ltr'>conuertenda.</span> 
     </span>
    </p>
   </div>
   <div class='ocr_carea' id='block_1_4' title="bbox 274 2175 1594 2373">
    <p class='ocr_par' dir='ltr' id='par_1_4' title="bbox 274 2175 1594 2373">
     <span class='ocr_line' id='line_1_14' title="bbox 363 2175 1586 2267; baseline -0.001 -27"><span class='ocrx_word' id='word_1_95' title='bbox 363 2178 463 2251; x_wconf 85' lang='lat' dir='ltr'>Item,</span> <span class='ocrx_word' id='word_1_96' title='bbox 499 2198 579 2241; x_wconf 94' lang='lat' dir='ltr'>cum</span> <span class='ocrx_word' id='word_1_97' title='bbox 615 2177 808 2260; x_wconf 90' lang='lat' dir='ltr'>antiquitus</span> <span class='ocrx_word' id='word_1_98' title='bbox 843 2177 888 2239; x_wconf 96' lang='lat' dir='ltr'>sit</span> <span class='ocrx_word' id='word_1_99' title='bbox 923 2180 1097 2240; x_wconf 91' lang='lat' dir='ltr'>statutum</span> <span class='ocrx_word' id='word_1_100' title='bbox 1132 2182 1167 2239; x_wconf 90' lang='lat' dir='ltr'>et</span> <span class='ocrx_word' id='word_1_101' title='bbox 1201 2175 1383 2240; x_wconf 91' lang='lat' dir='ltr'>salubriter</span> <span class='ocrx_word' id='word_1_102' title='bbox 1409 2190 1586 2267; x_wconf 59' lang='lat' dir='ltr'>Statutumqe</span> 
     </span>
     <span class='ocr_line' id='line_1_15' title="bbox 274 2259 1594 2373; baseline -0.001 -27"><span class='ocrx_word' id='word_1_103' title='bbox 274 2282 472 2346; x_wconf 91' lang='lat' dir='ltr'>ordinatum</span> <span class='ocrx_word' id='word_1_104' title='bbox 493 2282 528 2346; x_wconf 93' lang='lat' dir='ltr'>in</span> <span class='ocrx_word' id='word_1_105' title='bbox 550 2282 615 2346; x_wconf 92' lang='lat' dir='ltr'>hac</span> <span class='ocrx_word' id='word_1_106' title='bbox 636 2281 776 2345; x_wconf 90' lang='lat' dir='ltr'>ecclesia</span> <span class='ocrx_word' id='word_1_107' title='bbox 797 2280 984 2364; x_wconf 81' lang='lat' dir='ltr'>Collegiata</span> <span class='ocrx_word' id='word_1_108' title='bbox 1007 2279 1131 2364; x_wconf 83' lang='lat' dir='ltr'>Ripon&#39;</span> <span class='ocrx_word' id='word_1_109' title='bbox 1154 2280 1248 2364; x_wconf 93' lang='lat' dir='ltr'>quod</span> <span class='ocrx_word' id='word_1_110' title='bbox 1269 2281 1382 2345; x_wconf 93' lang='lat' dir='ltr'>nullus</span> <span class='ocrx_word' id='word_1_111' title='bbox 1395 2259 1594 2373; x_wconf 48' lang='grc' dir='ltr'>Ξζῇζῇιῇῗέἓζῖζῇ</span> 
     </span>
    </p>
   </div>
   <div class='ocr_carea' id='block_1_5' title="bbox 271 2384 1586 4767">
    <p class='ocr_par' dir='ltr' id='par_1_5' title="bbox 271 2384 1586 4767">
     <span class='ocr_line' id='line_1_16' title="bbox 274 2384 1586 2469; baseline 0.003 -20"><span class='ocrx_word' id='word_1_112' title='bbox 274 2386 483 2450; x_wconf 84' lang='lat' dir='ltr'>admittatur</span> <span class='ocrx_word' id='word_1_113' title='bbox 506 2387 540 2450; x_wconf 92' lang='lat' dir='ltr'>in</span> <span class='ocrx_word' id='word_1_114' title='bbox 564 2386 768 2450; x_wconf 89' lang='lat' dir='ltr'>canonicum</span> <span class='ocrx_word' id='word_1_115' title='bbox 792 2385 885 2448; x_wconf 92' lang='lat' dir='ltr'>etin</span> <span class='ocrx_word' id='word_1_116' title='bbox 910 2384 1051 2448; x_wconf 80' lang='lat' dir='ltr'>fratrem</span> <span class='ocrx_word' id='word_1_117' title='bbox 1075 2384 1153 2449; x_wconf 91' lang='lat' dir='ltr'>eccl.</span> <span class='ocrx_word' id='word_1_118' title='bbox 1180 2385 1294 2469; x_wconf 92' lang='lat' dir='ltr'>Ripon</span> <span class='ocrx_word' id='word_1_119' title='bbox 1318 2386 1382 2449; x_wconf 91' lang='lat' dir='ltr'>nisi</span> <span class='ocrx_word' id='word_1_120' title='bbox 1406 2393 1486 2452; x_wconf 63' lang='lat' dir='ltr'>Penes</span> <span class='ocrx_word' id='word_1_121' title='bbox 1503 2391 1586 2453; x_wconf 76' lang='lat' dir='ltr'>Capt-</span> 
     </span>
     <span class='ocr_line' id='line_1_17' title="bbox 274 2458 1581 2575; baseline -0.001 -21"><span class='ocrx_word' id='word_1_122' title='bbox 274 2490 498 2575; x_wconf 90' lang='lat' dir='ltr'>personaliter</span> <span class='ocrx_word' id='word_1_123' title='bbox 529 2491 585 2555; x_wconf 87' lang='lat' dir='ltr'>vel</span> <span class='ocrx_word' id='word_1_124' title='bbox 617 2511 678 2574; x_wconf 94' lang='lat' dir='ltr'>per</span> <span class='ocrx_word' id='word_1_125' title='bbox 710 2495 967 2574; x_wconf 87' lang='lat' dir='ltr'>procuratorem</span> <span class='ocrx_word' id='word_1_126' title='bbox 1000 2509 1079 2552; x_wconf 91' lang='lat' dir='ltr'>cum</span> <span class='ocrx_word' id='word_1_127' title='bbox 1112 2489 1278 2553; x_wconf 91' lang='lat' dir='ltr'>mandato</span> <span class='ocrx_word' id='word_1_128' title='bbox 1310 2490 1382 2553; x_wconf 89' lang='lat' dir='ltr'>siue</span> <span class='ocrx_word' id='word_1_129' title='bbox 1407 2458 1581 2575; x_wconf 39' lang='lat' dir='ltr'>dmssllssfffdss,</span> 
     </span>
     <span class='ocr_line' id='line_1_18' title="bbox 274 2593 1382 2679; baseline 0.001 -22"><span class='ocrx_word' id='word_1_130' title='bbox 274 2595 510 2679; x_wconf 89' lang='lat' dir='ltr'>procuratorio</span> <span class='ocrx_word' id='word_1_131' title='bbox 532 2595 714 2659; x_wconf 91' lang='lat' dir='ltr'>sufficienti</span> <span class='ocrx_word' id='word_1_132' title='bbox 736 2594 886 2679; x_wconf 86' lang='lat' dir='ltr'>legitime</span> <span class='ocrx_word' id='word_1_133' title='bbox 908 2593 1148 2669; x_wconf 89' lang='lat' dir='ltr'>constitutum,</span> <span class='ocrx_word' id='word_1_134' title='bbox 1172 2600 1382 2677; x_wconf 88' lang='lat' dir='ltr'>potestatem</span> 
     </span>
     <span class='ocr_line' id='line_1_19' title="bbox 274 2686 1384 2763; baseline 0 0"><span class='ocrx_word' id='word_1_135' title='bbox 274 2699 410 2763; x_wconf 89' lang='lat' dir='ltr'>iurandi</span> <span class='ocrx_word' id='word_1_136' title='bbox 439 2700 474 2763; x_wconf 93' lang='lat' dir='ltr'>in</span> <span class='ocrx_word' id='word_1_137' title='bbox 504 2686 655 2763; x_wconf 90' lang='lat' dir='ltr'>animam</span> <span class='ocrx_word' id='word_1_138' title='bbox 686 2699 757 2763; x_wconf 90' lang='lat' dir='ltr'>d&#39;ni</span> <span class='ocrx_word' id='word_1_139' title='bbox 786 2699 839 2762; x_wconf 92' lang='lat' dir='ltr'>sui</span> <span class='ocrx_word' id='word_1_140' title='bbox 869 2698 910 2762; x_wconf 91' lang='lat' dir='ltr'>de</span> <span class='ocrx_word' id='word_1_141' title='bbox 940 2698 1155 2762; x_wconf 91' lang='lat' dir='ltr'>obseruando</span> <span class='ocrx_word' id='word_1_142' title='bbox 1185 2704 1320 2763; x_wconf 91' lang='lat' dir='ltr'>statuta</span> <span class='ocrx_word' id='word_1_143' title='bbox 1349 2704 1384 2763; x_wconf 92' lang='lat' dir='ltr'>et</span> 
     </span>
     <span class='ocr_line' id='line_1_20' title="bbox 274 2802 1385 2889; baseline 0 -21"><span class='ocrx_word' id='word_1_144' title='bbox 274 2804 539 2869; x_wconf 89' lang='lat' dir='ltr'>consuetudines</span> <span class='ocrx_word' id='word_1_145' title='bbox 571 2803 663 2868; x_wconf 91' lang='lat' dir='ltr'>dicte</span> <span class='ocrx_word' id='word_1_146' title='bbox 695 2803 832 2868; x_wconf 90' lang='lat' dir='ltr'>ecclesie</span> <span class='ocrx_word' id='word_1_147' title='bbox 865 2803 1061 2878; x_wconf 87' lang='lat' dir='ltr'>habentem,</span> <span class='ocrx_word' id='word_1_148' title='bbox 1095 2802 1276 2888; x_wconf 89' lang='lat' dir='ltr'>ipsumque</span> <span class='ocrx_word' id='word_1_149' title='bbox 1308 2825 1385 2889; x_wconf 95' lang='lat' dir='ltr'>pro-</span> 
     </span>
     <span class='ocr_line' id='line_1_21' title="bbox 274 2907 1386 2993; baseline -0.001 -20"><span class='ocrx_word' id='word_1_150' title='bbox 274 2909 485 2973; x_wconf 87' lang='lat' dir='ltr'>curatorium</span> <span class='ocrx_word' id='word_1_151' title='bbox 521 2929 625 2993; x_wconf 90' lang='lat' dir='ltr'>penes</span> <span class='ocrx_word' id='word_1_152' title='bbox 661 2908 854 2992; x_wconf 91' lang='lat' dir='ltr'>capitulum</span> <span class='ocrx_word' id='word_1_153' title='bbox 890 2913 925 2971; x_wconf 90' lang='lat' dir='ltr'>et</span> <span class='ocrx_word' id='word_1_154' title='bbox 961 2907 1033 2971; x_wconf 91' lang='lat' dir='ltr'>eius</span> <span class='ocrx_word' id='word_1_155' title='bbox 1069 2913 1149 2971; x_wconf 87' lang='lat' dir='ltr'>acta</span> <span class='ocrx_word' id='word_1_156' title='bbox 1184 2915 1386 2992; x_wconf 90' lang='lat' dir='ltr'>procurator</span> 
     </span>
     <span class='ocr_line' id='line_1_22' title="bbox 274 3011 1384 3097; baseline 0.001 -21"><span class='ocrx_word' id='word_1_157' title='bbox 274 3012 471 3077; x_wconf 88' lang='lat' dir='ltr'>huiusmodi</span> <span class='ocrx_word' id='word_1_158' title='bbox 503 3013 631 3077; x_wconf 92' lang='lat' dir='ltr'>ibidem</span> <span class='ocrx_word' id='word_1_159' title='bbox 663 3013 802 3077; x_wconf 93' lang='lat' dir='ltr'>omnino</span> <span class='ocrx_word' id='word_1_160' title='bbox 835 3012 1003 3087; x_wconf 91' lang='lat' dir='ltr'>dimittat,</span> <span class='ocrx_word' id='word_1_161' title='bbox 1037 3011 1189 3096; x_wconf 92' lang='lat' dir='ltr'>alioquin</span> <span class='ocrx_word' id='word_1_162' title='bbox 1221 3033 1283 3097; x_wconf 91' lang='lat' dir='ltr'>pro</span> <span class='ocrx_word' id='word_1_163' title='bbox 1315 3035 1384 3077; x_wconf 93' lang='lat' dir='ltr'>non</span> 
     </span>
     <span class='ocr_line' id='line_1_23' title="bbox 274 3117 1385 3192; baseline 0 -10"><span class='ocrx_word' id='word_1_164' title='bbox 274 3117 423 3182; x_wconf 89' lang='lat' dir='ltr'>admisso</span> <span class='ocrx_word' id='word_1_165' title='bbox 471 3117 650 3182; x_wconf 87' lang='lat' dir='ltr'>habeatur.</span> <span class='ocrx_word' id='word_1_166' title='bbox 697 3117 796 3181; x_wconf 92' lang='lat' dir='ltr'>Vnde</span> <span class='ocrx_word' id='word_1_167' title='bbox 843 3137 918 3192; x_wconf 93' lang='lat' dir='ltr'>nos,</span> <span class='ocrx_word' id='word_1_168' title='bbox 967 3121 1142 3180; x_wconf 86' lang='lat' dir='ltr'>statutum</span> <span class='ocrx_word' id='word_1_169' title='bbox 1189 3117 1385 3182; x_wconf 93' lang='lat' dir='ltr'>huiusmodi</span> 
     </span>
     <span class='ocr_line' id='line_1_24' title="bbox 274 3220 1384 3306; baseline 0 -20"><span class='ocrx_word' id='word_1_170' title='bbox 274 3224 517 3306; x_wconf 92' lang='lat' dir='ltr'>approbantes,</span> <span class='ocrx_word' id='word_1_171' title='bbox 546 3222 792 3306; x_wconf 92' lang='lat' dir='ltr'>cupientesque</span> <span class='ocrx_word' id='word_1_172' title='bbox 820 3220 969 3305; x_wconf 91' lang='lat' dir='ltr'>plurima</span> <span class='ocrx_word' id='word_1_173' title='bbox 995 3227 1168 3305; x_wconf 89' lang='lat' dir='ltr'>quantum</span> <span class='ocrx_word' id='word_1_174' title='bbox 1196 3222 1384 3305; x_wconf 89' lang='lat' dir='ltr'>poterimus</span> 
     </span>
     <span class='ocr_line' id='line_1_25' title="bbox 273 3325 1384 3411; baseline 0 -21"><span class='ocrx_word' id='word_1_175' title='bbox 273 3327 384 3391; x_wconf 89' lang='lat' dir='ltr'>vitare</span> <span class='ocrx_word' id='word_1_176' title='bbox 409 3326 591 3391; x_wconf 91' lang='lat' dir='ltr'>incomoda</span> <span class='ocrx_word' id='word_1_177' title='bbox 615 3332 649 3390; x_wconf 93' lang='lat' dir='ltr'>et</span> <span class='ocrx_word' id='word_1_178' title='bbox 674 3325 836 3411; x_wconf 90' lang='lat' dir='ltr'>pericula,</span> <span class='ocrx_word' id='word_1_179' title='bbox 863 3332 924 3390; x_wconf 92' lang='lat' dir='ltr'>aut</span> <span class='ocrx_word' id='word_1_180' title='bbox 949 3326 977 3389; x_wconf 93' lang='lat' dir='ltr'>si</span> <span class='ocrx_word' id='word_1_181' title='bbox 1001 3346 1097 3390; x_wconf 90' lang='lat' dir='ltr'>secus</span> <span class='ocrx_word' id='word_1_182' title='bbox 1122 3333 1256 3411; x_wconf 84' lang='lat' dir='ltr'>gestum</span> <span class='ocrx_word' id='word_1_183' title='bbox 1281 3327 1384 3392; x_wconf 82' lang='lat' dir='ltr'>luerit</span> 
     </span>
     <span class='ocr_line' id='line_1_26' title="bbox 274 3430 1383 3515; baseline 0 -19"><span class='ocrx_word' id='word_1_184' title='bbox 274 3432 364 3496; x_wconf 92' lang='lat' dir='ltr'>dicte</span> <span class='ocrx_word' id='word_1_185' title='bbox 389 3431 525 3496; x_wconf 91' lang='lat' dir='ltr'>ecclesie</span> <span class='ocrx_word' id='word_1_186' title='bbox 549 3430 672 3495; x_wconf 88' lang='lat' dir='ltr'>exinde</span> <span class='ocrx_word' id='word_1_187' title='bbox 693 3431 728 3495; x_wconf 93' lang='lat' dir='ltr'>in</span> <span class='ocrx_word' id='word_1_188' title='bbox 753 3432 909 3495; x_wconf 77' lang='lat' dir='ltr'>futurum</span> <span class='ocrx_word' id='word_1_189' title='bbox 931 3431 1127 3515; x_wconf 87' lang='lat' dir='ltr'>contingere</span> <span class='ocrx_word' id='word_1_190' title='bbox 1151 3437 1325 3515; x_wconf 90' lang='lat' dir='ltr'>poterunt,</span> <span class='ocrx_word' id='word_1_191' title='bbox 1349 3438 1383 3496; x_wconf 92' lang='lat' dir='ltr'>et</span> 
     </span>
     <span class='ocr_line' id='line_1_27' title="bbox 273 3535 1384 3620; baseline 0.004 -22"><span class='ocrx_word' id='word_1_192' title='bbox 273 3535 503 3600; x_wconf 91' lang='lat' dir='ltr'>verisimiliter</span> <span class='ocrx_word' id='word_1_193' title='bbox 520 3536 666 3610; x_wconf 86' lang='lat' dir='ltr'>euenire,</span> <span class='ocrx_word' id='word_1_194' title='bbox 686 3537 828 3600; x_wconf 88' lang='lat' dir='ltr'>Statuto</span> <span class='ocrx_word' id='word_1_195' title='bbox 846 3535 1001 3620; x_wconf 91' lang='lat' dir='ltr'>predicto</span> <span class='ocrx_word' id='word_1_196' title='bbox 1020 3535 1179 3600; x_wconf 94' lang='lat' dir='ltr'>addendo</span> <span class='ocrx_word' id='word_1_197' title='bbox 1197 3537 1384 3602; x_wconf 89' lang='lat' dir='ltr'>statuimus</span> 
     </span>
     <span class='ocr_line' id='line_1_28' title="bbox 273 3639 1383 3725; baseline 0.001 -21"><span class='ocrx_word' id='word_1_198' title='bbox 273 3647 308 3704; x_wconf 91' lang='lat' dir='ltr'>et</span> <span class='ocrx_word' id='word_1_199' title='bbox 334 3640 543 3715; x_wconf 66' lang='lat' dir='ltr'>ordinamus</span> <span class='ocrx_word' id='word_1_200' title='bbox 570 3640 665 3724; x_wconf 93' lang='lat' dir='ltr'>quod</span> <span class='ocrx_word' id='word_1_201' title='bbox 690 3640 718 3703; x_wconf 92' lang='lat' dir='ltr'>si</span> <span class='ocrx_word' id='word_1_202' title='bbox 743 3640 820 3724; x_wconf 91' lang='lat' dir='ltr'>quis</span> <span class='ocrx_word' id='word_1_203' title='bbox 846 3660 938 3704; x_wconf 92' lang='lat' dir='ltr'>nunc</span> <span class='ocrx_word' id='word_1_204' title='bbox 964 3640 998 3704; x_wconf 93' lang='lat' dir='ltr'>in</span> <span class='ocrx_word' id='word_1_205' title='bbox 1025 3639 1119 3704; x_wconf 86' lang='lat' dir='ltr'>dicta</span> <span class='ocrx_word' id='word_1_206' title='bbox 1144 3640 1284 3705; x_wconf 89' lang='lat' dir='ltr'>ecclesia</span> <span class='ocrx_word' id='word_1_207' title='bbox 1309 3662 1383 3725; x_wconf 92' lang='lat' dir='ltr'>pre-</span> 
     </span>
     <span class='ocr_line' id='line_1_29' title="bbox 273 3744 1383 3829; baseline 0.002 -21"><span class='ocrx_word' id='word_1_208' title='bbox 273 3744 457 3808; x_wconf 92' lang='lat' dir='ltr'>bendarius</span> <span class='ocrx_word' id='word_1_209' title='bbox 477 3744 532 3808; x_wconf 92' lang='lat' dir='ltr'>vel</span> <span class='ocrx_word' id='word_1_210' title='bbox 552 3745 587 3808; x_wconf 94' lang='lat' dir='ltr'>in</span> <span class='ocrx_word' id='word_1_211' title='bbox 608 3751 784 3829; x_wconf 90' lang='lat' dir='ltr'>posterum</span> <span class='ocrx_word' id='word_1_212' title='bbox 805 3745 995 3829; x_wconf 89' lang='lat' dir='ltr'>reperiatur</span> <span class='ocrx_word' id='word_1_213' title='bbox 1015 3744 1074 3828; x_wconf 93' lang='lat' dir='ltr'>qui</span> <span class='ocrx_word' id='word_1_214' title='bbox 1095 3749 1216 3809; x_wconf 89' lang='lat' dir='ltr'>contra</span> <span class='ocrx_word' id='word_1_215' title='bbox 1236 3745 1383 3811; x_wconf 78' lang='lat' dir='ltr'>formam</span> 
     </span>
     <span class='ocr_line' id='line_1_30' title="bbox 272 3848 1383 3933; baseline 0.003 -21"><span class='ocrx_word' id='word_1_216' title='bbox 272 3849 398 3912; x_wconf 89' lang='lat' dir='ltr'>statuti</span> <span class='ocrx_word' id='word_1_217' title='bbox 431 3848 576 3932; x_wconf 92' lang='lat' dir='ltr'>predicti</span> <span class='ocrx_word' id='word_1_218' title='bbox 609 3848 752 3913; x_wconf 89' lang='lat' dir='ltr'>alicuius</span> <span class='ocrx_word' id='word_1_219' title='bbox 785 3849 956 3932; x_wconf 90' lang='lat' dir='ltr'>prebende</span> <span class='ocrx_word' id='word_1_220' title='bbox 989 3848 1122 3913; x_wconf 79' lang='lat' dir='ltr'>fructus</span> <span class='ocrx_word' id='word_1_221' title='bbox 1154 3850 1383 3933; x_wconf 87' lang='lat' dir='ltr'>quouismodo</span> 
     </span>
     <span class='ocr_line' id='line_1_31' title="bbox 273 3952 1382 4037; baseline 0.003 -20"><span class='ocrx_word' id='word_1_222' title='bbox 273 3973 439 4037; x_wconf 91' lang='lat' dir='ltr'>occupare</span> <span class='ocrx_word' id='word_1_223' title='bbox 464 3973 524 4017; x_wconf 90' lang='lat' dir='ltr'>seu</span> <span class='ocrx_word' id='word_1_224' title='bbox 551 3952 722 4036; x_wconf 89' lang='lat' dir='ltr'>percipere</span> <span class='ocrx_word' id='word_1_225' title='bbox 749 3953 1005 4037; x_wconf 89' lang='lat' dir='ltr'>presumpserit,</span> <span class='ocrx_word' id='word_1_226' title='bbox 1032 3953 1172 4017; x_wconf 89' lang='lat' dir='ltr'>Extunc</span> <span class='ocrx_word' id='word_1_227' title='bbox 1199 3955 1382 4020; x_wconf 89' lang='lat' dir='ltr'>canonicus</span> 
     </span>
     <span class='ocr_line' id='line_1_32' title="bbox 273 4056 1381 4141; baseline 0.004 -21"><span class='ocrx_word' id='word_1_228' title='bbox 273 4057 344 4141; x_wconf 91' lang='lat' dir='ltr'>ipse</span> <span class='ocrx_word' id='word_1_229' title='bbox 372 4057 406 4122; x_wconf 93' lang='lat' dir='ltr'>in</span> <span class='ocrx_word' id='word_1_230' title='bbox 435 4078 560 4140; x_wconf 92' lang='lat' dir='ltr'>penam</span> <span class='ocrx_word' id='word_1_231' title='bbox 589 4057 865 4141; x_wconf 85' lang='lat' dir='ltr'>transgressionis</span> <span class='ocrx_word' id='word_1_232' title='bbox 893 4078 952 4121; x_wconf 94' lang='lat' dir='ltr'>sue</span> <span class='ocrx_word' id='word_1_233' title='bbox 980 4056 1123 4132; x_wconf 78' lang='lat' dir='ltr'>fructus,</span> <span class='ocrx_word' id='word_1_234' title='bbox 1153 4057 1317 4135; x_wconf 70' lang='lat' dir='ltr'>redditus</span> <span class='ocrx_word' id='word_1_235' title='bbox 1347 4066 1381 4124; x_wconf 93' lang='lat' dir='ltr'>et</span> 
     </span>
     <span class='ocr_line' id='line_1_33' title="bbox 273 4159 1380 4246; baseline 0.002 -21"><span class='ocrx_word' id='word_1_236' title='bbox 273 4166 461 4245; x_wconf 91' lang='lat' dir='ltr'>prouentus</span> <span class='ocrx_word' id='word_1_237' title='bbox 481 4161 631 4246; x_wconf 86' lang='lat' dir='ltr'>integros</span> <span class='ocrx_word' id='word_1_238' title='bbox 652 4160 823 4244; x_wconf 88' lang='lat' dir='ltr'>prebende</span> <span class='ocrx_word' id='word_1_239' title='bbox 843 4161 908 4224; x_wconf 90' lang='lat' dir='ltr'>sibi</span> <span class='ocrx_word' id='word_1_240' title='bbox 929 4159 1052 4225; x_wconf 91' lang='lat' dir='ltr'>collate</span> <span class='ocrx_word' id='word_1_241' title='bbox 1073 4161 1207 4226; x_wconf 92' lang='lat' dir='ltr'>tamdiu</span> <span class='ocrx_word' id='word_1_242' title='bbox 1228 4163 1380 4239; x_wconf 89' lang='lat' dir='ltr'>amittat,</span> 
     </span>
     <span class='ocr_line' id='line_1_34' title="bbox 272 4265 1382 4351; baseline 0.004 -22"><span class='ocrx_word' id='word_1_243' title='bbox 272 4271 307 4329; x_wconf 91' lang='lat' dir='ltr'>et</span> <span class='ocrx_word' id='word_1_244' title='bbox 326 4286 443 4330; x_wconf 92' lang='lat' dir='ltr'>eorum</span> <span class='ocrx_word' id='word_1_245' title='bbox 462 4265 638 4330; x_wconf 89' lang='lat' dir='ltr'>ablacione</span> <span class='ocrx_word' id='word_1_246' title='bbox 657 4286 696 4328; x_wconf 95' lang='lat' dir='ltr'>eo</span> <span class='ocrx_word' id='word_1_247' title='bbox 715 4265 789 4349; x_wconf 93' lang='lat' dir='ltr'>ipso</span> <span class='ocrx_word' id='word_1_248' title='bbox 807 4265 975 4330; x_wconf 91' lang='lat' dir='ltr'>multetur</span> <span class='ocrx_word' id='word_1_249' title='bbox 993 4265 1101 4330; x_wconf 93' lang='lat' dir='ltr'>donec</span> <span class='ocrx_word' id='word_1_250' title='bbox 1119 4266 1153 4330; x_wconf 92' lang='lat' dir='ltr'>in</span> <span class='ocrx_word' id='word_1_251' title='bbox 1172 4268 1310 4351; x_wconf 91' lang='lat' dir='ltr'>propria</span> <span class='ocrx_word' id='word_1_252' title='bbox 1327 4270 1382 4333; x_wconf 94' lang='lat' dir='ltr'>vel</span> 
     </span>
     <span class='ocr_line' id='line_1_35' title="bbox 272 4369 1382 4454; baseline 0.004 -20"><span class='ocrx_word' id='word_1_253' title='bbox 272 4369 503 4454; x_wconf 91' lang='lat' dir='ltr'>procuratoris</span> <span class='ocrx_word' id='word_1_254' title='bbox 538 4369 738 4433; x_wconf 88' lang='lat' dir='ltr'>sufficientis</span> <span class='ocrx_word' id='word_1_255' title='bbox 774 4390 920 4453; x_wconf 87' lang='lat' dir='ltr'>persona</span> <span class='ocrx_word' id='word_1_256' title='bbox 956 4374 1130 4434; x_wconf 87' lang='lat' dir='ltr'>statutum</span> <span class='ocrx_word' id='word_1_257' title='bbox 1167 4371 1382 4438; x_wconf 90' lang='lat' dir='ltr'>antedictum</span> 
     </span>
     <span class='ocr_line' id='line_1_36' title="bbox 272 4473 1381 4550; baseline 0.004 -12"><span class='ocrx_word' id='word_1_258' title='bbox 272 4475 371 4538; x_wconf 89' lang='lat' dir='ltr'>iuxta</span> <span class='ocrx_word' id='word_1_259' title='bbox 407 4473 560 4537; x_wconf 90' lang='lat' dir='ltr'>eiusdem</span> <span class='ocrx_word' id='word_1_260' title='bbox 596 4473 678 4549; x_wconf 91' lang='lat' dir='ltr'>vim,</span> <span class='ocrx_word' id='word_1_261' title='bbox 717 4473 875 4550; x_wconf 79' lang='lat' dir='ltr'>formam,</span> <span class='ocrx_word' id='word_1_262' title='bbox 913 4479 948 4537; x_wconf 91' lang='lat' dir='ltr'>et</span> <span class='ocrx_word' id='word_1_263' title='bbox 985 4474 1146 4538; x_wconf 82' lang='lat' dir='ltr'>effectum</span> <span class='ocrx_word' id='word_1_264' title='bbox 1183 4476 1381 4542; x_wconf 91' lang='lat' dir='ltr'>omnimodo</span> 
     </span>
     <span class='ocr_line' id='line_1_37' title="bbox 271 4578 1379 4666; baseline 0.003 -23"><span class='ocrx_word' id='word_1_265' title='bbox 271 4578 443 4643; x_wconf 90' lang='lat' dir='ltr'>curauerit</span> <span class='ocrx_word' id='word_1_266' title='bbox 475 4578 666 4652; x_wconf 89' lang='lat' dir='ltr'>obseruare,</span> <span class='ocrx_word' id='word_1_267' title='bbox 702 4578 872 4662; x_wconf 91' lang='lat' dir='ltr'>liceatque</span> <span class='ocrx_word' id='word_1_268' title='bbox 910 4578 1011 4642; x_wconf 93' lang='lat' dir='ltr'>dictis</span> <span class='ocrx_word' id='word_1_269' title='bbox 1053 4578 1212 4663; x_wconf 86' lang='lat' dir='ltr'>Capitulo</span> <span class='ocrx_word' id='word_1_270' title='bbox 1255 4581 1379 4666; x_wconf 88' lang='lat' dir='ltr'>Ripon’</span> 
     </span>
     <span class='ocr_line' id='line_1_38' title="bbox 272 4681 1381 4767; baseline 0.003 -20"><span class='ocrx_word' id='word_1_271' title='bbox 272 4704 390 4747; x_wconf 90' lang='lat' dir='ltr'>omnes</span> <span class='ocrx_word' id='word_1_272' title='bbox 412 4688 447 4746; x_wconf 93' lang='lat' dir='ltr'>et</span> <span class='ocrx_word' id='word_1_273' title='bbox 469 4681 620 4766; x_wconf 84' lang='lat' dir='ltr'>singulos</span> <span class='ocrx_word' id='word_1_274' title='bbox 642 4682 785 4759; x_wconf 79' lang='lat' dir='ltr'>fructus,</span> <span class='ocrx_word' id='word_1_275' title='bbox 809 4683 974 4759; x_wconf 70' lang='lat' dir='ltr'>redditus</span> <span class='ocrx_word' id='word_1_276' title='bbox 998 4688 1033 4747; x_wconf 94' lang='lat' dir='ltr'>et</span> <span class='ocrx_word' id='word_1_277' title='bbox 1054 4690 1243 4767; x_wconf 91' lang='lat' dir='ltr'>prouentus</span> <span class='ocrx_word' id='word_1_278' title='bbox 1265 4687 1381 4751; x_wconf 92' lang='lat' dir='ltr'>huius-</span> 
     </span>
    </p>
   </div>
   <div class='ocr_carea' id='block_1_6' title="bbox 271 4786 1381 4872">
    <p class='ocr_par' dir='ltr' id='par_1_6' title="bbox 271 4786 1381 4872">
     <span class='ocr_line' id='line_1_39' title="bbox 271 4786 1381 4872; baseline 0.005 -20"><span class='ocrx_word' id='word_1_279' title='bbox 271 4787 365 4852; x_wconf 90' lang='lat' dir='ltr'>modi</span> <span class='ocrx_word' id='word_1_280' title='bbox 385 4807 501 4872; x_wconf 92' lang='lat' dir='ltr'>perse</span> <span class='ocrx_word' id='word_1_281' title='bbox 521 4793 556 4851; x_wconf 89' lang='lat' dir='ltr'>et</span> <span class='ocrx_word' id='word_1_282' title='bbox 576 4806 656 4850; x_wconf 92' lang='lat' dir='ltr'>suos</span> <span class='ocrx_word' id='word_1_283' title='bbox 676 4786 789 4851; x_wconf 90' lang='lat' dir='ltr'>medio</span> <span class='ocrx_word' id='word_1_284' title='bbox 810 4793 964 4872; x_wconf 89' lang='lat' dir='ltr'>tempore</span> <span class='ocrx_word' id='word_1_285' title='bbox 985 4808 1162 4872; x_wconf 90' lang='lat' dir='ltr'>occupare,</span> <span class='ocrx_word' id='word_1_286' title='bbox 1184 4810 1224 4854; x_wconf 91' lang='lat' dir='ltr'>ac</span> <span class='ocrx_word' id='word_1_287' title='bbox 1244 4789 1279 4854; x_wconf 90' lang='lat' dir='ltr'>in</span> <span class='ocrx_word' id='word_1_288' title='bbox 1299 4812 1381 4857; x_wconf 91' lang='lat' dir='ltr'>vsus</span> 
     </span>
    </p>
   </div>
   <div class='ocr_carea' id='block_1_7' title="bbox 0 0 1700 5650">
    <p class='ocr_par' dir='ltr' id='par_1_7' title="bbox 0 0 1700 5650">
     <span class='ocr_line' id='line_1_40' title="bbox 0 0 1700 5650; baseline 0 0"><span class='ocrx_word' id='word_1_289' title='bbox 0 0 1700 5650; x_wconf 95' lang='lat' dir='ltr'> </span> 
     </span>
    </p>
   </div>
  </div>
 </body>
</html>
