3392 5650
574 694 668 759 Acrs
692 711 737 759 or
761 693 940 760 Cunprsn.
1251 692 1314 777 269

202 874 382 959 arreragiis
401 874 546 959 predicti
566 873 673 939 annui
693 873 848 938 redditus
868 875 986 939 decem
1005 895 1199 939 marcarum
1219 879 1252 937 et
1273 874 1315 937 de

202 979 296 1044 dicta
329 1000 465 1044 summa
499 974 732 1063 quadraginta
765 979 953 1044 solidorum
987 980 1124 1043 nomine
1159 999 1245 1063 pene
1279 980 1314 1044 in

172 1098 174 1101 ’
202 1084 312 1148 forma
342 1084 496 1167 predicta
526 1104 688 1148 concessa
718 1084 868 1167 plenarie
899 1084 1002 1148 fuerit
1022 1084 1249 1171 ⁴satisfactum
1279 1089 1313 1147 et

202 1188 414 1271 persolutum
434 1189 478 1252 ad
497 1189 605 1253 altare
624 1188 829 1270 predictum.

291 1336 340 1398 Et
357 1334 388 1398 si
407 1352 474 1398 nos
492 1334 626 1398 dictum
643 1330 841 1414 Capitulum
858 1333 1077 1408 voluerimus,
1095 1353 1154 1397 seu
1170 1353 1259 1397 succ.
1277 1353 1310 1397 n.
1333 1320 1425 1434 wfflffi
1439 1319 1518 1435 ihdan

202 1436 373 1502 voluerint
392 1435 426 1499 in
444 1434 601 1499 futurum
618 1435 744 1499 habere
761 1435 894 1500 dictum
911 1436 1075 1520 scriptam
1093 1437 1313 1501 indentatum
1327 1402 1495 1502 herenegweu
1506 1454 1527 1502 ir

202 1547 407 1606 renouatum
428 1547 463 1604 et
482 1540 524 1603 de
543 1561 635 1605 nouo
654 1540 841 1625 sigillatum
861 1547 1002 1624 propter
1020 1540 1235 1606 debilitatem
1254 1561 1313 1605 seu
1351 1535 1523 1586 ”⁶⁰‘³⁵³fy'·

202 1647 306 1711 aliam
331 1665 471 1709 causam
496 1644 722 1709 necessariam
747 1665 1001 1729 quamcunque,
1028 1646 1170 1730 predict.
1198 1647 1251 1711 Pr.
1279 1651 1313 1709 et

204 1751 312 1815 Conu.
334 1770 396 1833 pro
415 1770 450 1812 se
474 1755 509 1813 et
532 1770 621 1814 succ.
643 1770 668 1814 s.
690 1755 930 1814 concesserunt
950 1770 1011 1834 per
1033 1750 1124 1815 idem
1147 1751 1314 1835 scriptum

202 1876 314 1931 suum,
340 1854 424 1918 illud
448 1854 615 1937 scriptum
639 1874 815 1929 renouare,
841 1861 875 1919 et
900 1855 942 1919 de
966 1876 1058 1920 nouo
1081 1876 1141 1940 per
1164 1857 1255 1940 ipsos
1279 1863 1313 1919 et

202 1980 292 2024 succ.
311 1978 391 2023 suos
408 1957 553 2042 sigillare
570 1978 672 2041 super
688 1958 806 2024 debita
823 1966 858 2024 et
875 1961 1073 2025 racionabili
1091 1962 1316 2045 requisicione

204 2085 264 2148 per
282 2084 345 2128 nos
365 2062 487 2146 prefat.
510 2062 566 2126 Ca.
588 2069 622 2127 et
643 2084 731 2128 succ.
753 2063 844 2127 n'ros
864 2064 928 2128 sibi
948 2066 1042 2130 lacta
1060 2066 1132 2130 siue
1151 2066 1186 2130 in
1206 2066 1311 2131 futur.

206 2168 374 2232 iacienda.

292 2295 340 2358 Et
374 2293 522 2357 vlterius
561 2297 645 2380 pref.
679 2298 733 2362 Pr.
766 2303 800 2359 et
832 2296 938 2362 Conu.
972 2298 1016 2362 ad
1047 2299 1109 2363 hee
1136 2298 1251 2363 omnia
1279 2306 1313 2363 et
1327 2305 1382 2353 ano
1398 2305 1461 2354 that
1479 2305 1528 2353 tue

201 2403 335 2487 singula
368 2403 514 2467 fideliter
547 2402 762 2466 obseruanda
795 2422 855 2485 per
888 2402 978 2467 idem
1011 2404 1178 2487 scriptum
1211 2425 1312 2469 suum
1327 2372 1526 2503 hagssngffiged

201 2506 397 2592 obligarunt
420 2527 456 2571 se
481 2513 516 2570 et
542 2527 631 2571 succ.
654 2526 679 2571 s.
705 2506 886 2591 imperp'm
912 2508 1106 2572 iuramento
1131 2509 1310 2594 religionis,
1344 2505 1510 2619 rpemselves

201 2618 304 2695 prout
323 2612 357 2676 in
377 2612 497 2676 eodem
516 2611 645 2693 scripto
663 2610 845 2675 indentato
864 2612 944 2676 inde
963 2612 1056 2677 iacto
1075 2613 1173 2696 plene
1191 2613 1309 2699 liquet.
1369 2588 1394 2635 'i
1414 2574 1490 2629 (Μ’

288 2751 420 2815 Sciatis
437 2768 504 2814 nos
520 2752 603 2837 pref.
619 2751 729 2837 Capit.
744 2772 806 2836 pro
818 2754 917 2818 nobis
930 2761 964 2817 et
980 2775 1069 2819 succ.
1084 2776 1116 2820 n.
1132 2756 1312 2820 tradidisse
1368 2745 1418 2793 We
1436 2745 1483 2794 the

201 2865 235 2922 et
263 2858 466 2922 concessisse
493 2877 554 2940 per
585 2864 759 2940 presentes
792 2858 941 2922 Ricardo
974 2859 1094 2935 Lucas,
1128 2860 1311 2944 Capellano
1338 2811 1515 2942 liiiffiraii

201 2962 360 3027 Cantarie
375 2962 419 3025 M.
436 2961 546 3044 Joh'is
562 2961 705 3026 Sendale
720 2962 755 3026 in
770 2961 849 3026 eccl.
867 2961 948 3026 Coll.
966 2961 1008 3026 de
1025 2962 1149 3046 Ripon’
1166 2963 1309 3047 predict.
1337 2947 1516 3062 gffi‘slaffle

201 3073 235 3131 et
254 3087 343 3131 succ.
365 3086 390 3131 s.
412 3067 593 3150 imperp'm
613 3066 806 3150 predictum
826 3086 980 3130 annuum
1000 3066 1174 3132 redditum
1195 3067 1312 3132 decem
1343 3084 1404 3128 rent
1418 3081 1447 3129 or
1460 3085 1506 3129 ten

201 3191 395 3236 marcarum
412 3171 455 3235 ad
472 3171 628 3254 predicta
645 3171 733 3235 festa
750 3171 970 3235 Pentecostes
986 3179 1021 3236 et
1038 3171 1155 3236 Sancti
1172 3173 1311 3237 Martini
1356 3148 1497 3262 ξᾞξιζζ

201 3278 235 3341 in
262 3297 361 3361 yeme
388 3277 443 3341 vel
469 3276 558 3341 inira
586 3297 695 3340 vnum
721 3295 875 3340 mensem
902 3296 998 3360 prox.
1027 3284 1106 3361 post
1132 3278 1311 3362 quodlibet
1359 3281 1492 3344 Chantry.

202 3381 329 3445 festum
358 3382 455 3445 Pent.
487 3387 521 3445 et
551 3381 617 3446 S'ci
647 3382 747 3445 Mart.
779 3382 812 3445 in
843 3402 941 3465 yeme
970 3382 1066 3466 equis
1095 3383 1313 3466 porcionibus

202 3470 382 3550 annuatim
403 3486 447 3550 ad
466 3507 641 3551 summum
661 3487 769 3551 altare
789 3486 983 3570 predictum
1003 3487 1038 3551 in
1057 3487 1212 3570 predicta
1232 3490 1311 3555 eccl.

201 3589 276 3655 coll.
300 3590 342 3654 de
367 3590 504 3674 Ripon',
528 3590 569 3655 de
594 3592 736 3676 predict.
762 3591 877 3655 Priore
901 3597 935 3655 et
960 3591 1141 3657 Conuentu
1165 3600 1199 3657 et
1223 3614 1312 3659 succ.

201 3715 227 3760 s.
252 3695 507 3779 imperpetuum
533 3696 681 3760 habend.
707 3702 742 3759 et
770 3693 977 3778 percipiend.
1003 3695 1135 3760 dictum
1160 3718 1314 3762 annuum

202 3799 376 3865 redditum
391 3800 509 3864 decem
524 3820 717 3863 marcarum
731 3800 972 3884 sterlingorum
986 3800 1020 3863 in
1035 3800 1145 3865 forma
1159 3802 1314 3884 predicta

202 3903 337 3987 prefato
354 3903 538 3987 Capellano
555 3903 714 3967 Cantarie
734 3902 886 3986 predicte
907 3908 941 3966 et
958 3923 1046 3969 succ.
1065 3924 1091 3970 s,
1110 3904 1152 3969 de
1172 3907 1313 3989 prefatis

204 4007 319 4071 Priore
337 4013 371 4070 et
390 4007 571 4071 Conuentu
589 4013 623 4071 et
642 4027 730 4071 succ.
750 4027 776 4070 s.
796 4007 831 4070 in
848 4007 1124 4073 satisfaccionem
1142 4018 1313 4076 sustenta·

203 4110 309 4174 cionis
329 4130 398 4186 sue,
421 4111 455 4175 in
476 4110 509 4175 li.
531 4130 605 4194 pur.
628 4116 664 4174 et-
683 4130 777 4195 perp.
800 4111 852 4187 el.‚
874 4112 1137 4196 imperpetuum.

293 4257 341 4319 Et
376 4254 406 4319 si
440 4254 627 4334 contingat
668 4253 762 4336 quod
803 4253 885 4318 dict.
930 4254 983 4319 Pr.
1027 4260 1062 4319 et
1103 4255 1209 4322 Conu.
1252 4279 1312 4324 seu
1383 4275 1469 4327 utne

203 4376 412 4422 successores
434 4356 486 4420 sui
506 4356 702 4432 defecerint,
724 4364 785 4422 aut
805 4358 928 4443 aliquis
947 4379 1065 4423 eorum
1084 4360 1255 4438 defecerit,
1276 4364 1311 4429 in
1332 4339 1521 4463 {gmffntffifl

202 4463 376 4528 solucione
404 4461 548 4545 predicti
576 4463 682 4527 annui
710 4462 864 4527 redditus
891 4447 1009 4528 decem
1036 4484 1230 4530 marcarum
1257 4469 1311 4532 vel
1326 4424 1461 4557 Chalilayi’u
1476 4430 1527 4532 caen

203 4568 346 4633 alicuius
363 4567 508 4651 parcelle
525 4567 677 4632 eiusdem
694 4568 739 4632 ad
756 4567 844 4630 festa
861 4567 1016 4650 predicta
1032 4574 1067 4632 et
1084 4589 1145 4652 per
1160 4571 1312 4656 quinque
1362 4543 1487 4605 datram,

202 4672 415 4755 septimanas
447 4691 543 4754 pron.
578 4667 670 4755 post
690 4671 830 4756 aliquod
864 4672 991 4736 festum
1023 4674 1313 4756 prenominatum,

203 4783 332 4841 extunc
347 4777 409 4859 (91)
427 4776 512 4839 bene
525 4775 626 4840 liceat
640 4777 775 4862 prefato
788 4775 973 4862 Capeliano
987 4777 1145 4843 Cantarie
1162 4781 1315 4867 predicte
