3392 5650
339 701 399 748 112
620 683 699 749 Tus
725 684 879 749 lumbar
904 683 1151 748 llnnuscnur.

337 863 408 926 iure
428 863 682 948 cuiuscumque,
704 864 809 928 saluis
828 864 936 928 eciam
956 863 1055 927 nobis
1074 868 1109 926 et
1129 862 1208 927 eccl.
1230 862 1273 926 de
1294 861 1443 945 Rypon’.

336 968 598 1051 excepcionibus
619 975 653 1032 et
676 969 932 1033 defensionibus
953 968 1113 1032 omnibus
1135 973 1169 1031 et
1191 967 1332 1052 singulis
1353 987 1446 1032 com-

337 1073 534 1156 petentibus
561 1079 596 1137 et
623 1073 862 1158 competituris
889 1080 962 1137 tam
990 1079 1110 1137 contra
1138 1092 1319 1156 personam
1347 1078 1445 1136 tuam

336 1198 442 1262 quam
462 1178 612 1261 graciam
633 1184 668 1242 et
689 1178 928 1243 executionem
951 1177 1185 1241 omnimodam
1206 1177 1241 1241 in
1262 1177 1326 1240 hac
1347 1181 1446 1260 parte

337 1282 493 1346 habitam
513 1290 547 1346 et
566 1282 772 1358 habendam,
793 1289 896 1367 teque
916 1283 949 1346 in
969 1282 1216 1366 possessionem
1235 1280 1446 1365 corporalem

337 1387 488 1451 eiusdem
529 1388 700 1471 prebende
740 1409 819 1452 cum
859 1388 928 1452 suis
968 1387 1098 1451 iuribus
1138 1394 1173 1452 et
1213 1385 1444 1470 pertinencijs

336 1497 508 1575 quatenus
534 1491 579 1555 ad
604 1512 666 1556 nos
691 1493 840 1576 pertinet
867 1498 901 1555 et
927 1492 970 1556 de
996 1492 1067 1556 iure
1093 1497 1258 1566 artamur,
1285 1498 1320 1556 et
1347 1489 1445 1554 indu-

337 1597 455 1671 cimus,
494 1597 633 1661 stallum
670 1597 705 1660 in
742 1598 846 1661 choro
883 1603 917 1660 et
954 1597 1067 1661 locum
1105 1596 1140 1659 in
1177 1595 1329 1680 capitulo
1366 1615 1445 1659 cum

336 1701 549 1785 plenitudine
585 1702 675 1765 iurisv
701 1701 856 1766 canonici
893 1701 1044 1765 eiusdem
1080 1700 1217 1765 ecclesie
1253 1700 1317 1764 tibi
1353 1719 1447 1763 more

249 1800 254 1811 ’
337 1806 455 1870 debito
485 1806 707 1890 assignamus
757 1807 796 1870 ln
827 1807 923 1870 cuius
953 1807 1000 1870 rei
1031 1806 1268 1870 testimonium
1299 1804 1447 1889 sigillum

337 1919 493 1975 nostrum
536 1911 752 1995 presentibus
795 1916 846 1974 est
890 1931 1091 1995 appensum.
1140 1911 1221 1975 Dat.
1266 1909 1300 1973 in
1343 1909 1447 1973 domo

337 2021 454 2079 nostra
477 2015 675 2099 Capitulari,
698 2029 737 2079 v⁰
757 2015 811 2079 die
833 2016 959 2079 mensis
980 2016 1077 2080 Febr.
1101 2014 1202 2079 Anno
1224 2014 1304 2079 D’ni
1327 2014 1447 2077 Mill'io

336 2132 436 2187 cccm⁰
453 2120 679 2204 Octogesimo
701 2125 705 2136 '

339 2330 388 2399 51.
561 2310 647 2394 (177)
676 2310 842 2392 (Anovnt
867 2328 963 2375 raon
988 2328 1010 2374 A
1033 2310 1234 2391 enarrer).

190 2491 264 2550 1381.
427 2478 630 2554 Alexander,
648 2478 867 2561 permissione
886 2478 1135 2563 (diuina)1d’ns
1151 2478 1253 2543 Ebor.
1271 2477 1447 2562 Archiep's

161 2557 236 2620 Sept.
253 2570 293 2617 ²⁴·
339 2582 459 2668 Anglie
488 2583 620 2647 Primas
648 2590 682 2647 et
710 2583 897 2666 apostolice
925 2583 1007 2647 sidis
1034 2584 1177 2668 legatus,
1207 2583 1340 2647 dilectis
1367 2582 1447 2666 filijs

169 2650 287 2763 ‘diffinis
338 2688 497 2772 Capitulo
523 2688 601 2752 eccl.
629 2694 745 2752 nostre
771 2687 893 2772 Colleg.
923 2687 1072 2772 Rypon',
1099 2688 1257 2763 salutem,
1284 2687 1445 2772 graciam,

337 2799 371 2857 et
397 2793 684 2858 benediccionem.
732 2792 907 2858 Noueritis
932 2792 1026 2878 quod
1051 2813 1113 2857 nos
1138 2792 1325 2878 quemdam
1344 2792 1447 2874 ‚d’nm

273 2982 276 2988 Ι
338 2899 474 2982 Joh'em
511 2899 553 2963 de
589 2898 849 2983 Alhaloghgate,
888 2899 1114 2983 capellanum,
1152 2899 1344 2963 cantariam
1381 2898 1447 2962 S’ci

338 3003 448 3086 Joh'is
462 3004 594 3088 Euang.
610 3004 644 3066 in
658 3003 773 3067 eccl'ia
786 3009 905 3067 nostra
918 3003 1073 3087 predicta
1085 3023 1195 3087 nuper
1207 3009 1445 3087 occupantem,

338 3108 473 3172 iusticia
497 3107 682 3183 mediante,
708 3108 870 3171 canonice
895 3114 929 3172 et
954 3108 1103 3193 legitime
1127 3107 1378 3172 declarauimus
1402 3107 1446 3172 ad

337 3213 482 3277 eandem
499 3213 641 3277 titulum
658 3233 726 3276 non
744 3213 880 3287 habere,
900 3233 939 3276 ac
956 3213 1069 3296 ipsum
1086 3212 1248 3276 canonice
1265 3213 1309 3276 ab
1326 3212 1447 3277 eadem

338 3318 531 3382 amouimus
557 3337 618 3401 per
643 3316 829 3392 decretum,
858 3323 961 3400 prout
988 3317 1022 3380 in
1050 3337 1209 3400 processu
1235 3316 1314 3380 inde
1342 3317 1446 3392 iact0,

338 3423 437 3487 vobis
469 3428 503 3486 et
536 3422 809 3506 quibuscumque
842 3421 916 3486 aliis
959 3441 1254 3506 quorumcumque
1293 3421 1446 3497 interest,

338 3528 450 3611 ipsum
481 3546 676 3610 processum
706 3527 831 3591 intueri
862 3526 1058 3591 volentibus
1089 3527 1123 3590 in
1154 3533 1283 3591 euentu
1313 3526 1447 3610 plenius

336 3632 474 3696 lucebit.
522 3631 652 3695 Valete.
701 3631 781 3694 Dat.
823 3631 857 3695 in
899 3631 1050 3695 manerio
1090 3637 1208 3695 nostro
1248 3631 1290 3695 de
1330 3631 1447 3715 Thorp

337 3841 514 3905 Millesimo
542 3851 642 3904 cccm⁰
670 3839 877 3924 octogesimo
913 3839 1033 3923 primo,
1064 3846 1099 3903 et
1128 3845 1243 3903 nostre
1271 3860 1445 3904 consecra-

336 3946 442 4009 cionis
460 3951 595 4010 octauo,

340 4139 427 4223 (178)
457 4139 513 4203 Da
541 4155 736 4202 Panaenus
764 4154 811 4201 ue
839 4137 1012 4202 Nunwru
1040 4155 1088 4202 ex
1116 4154 1231 4201 causa
1259 4155 1444 4203 pannum-

382 4261 512 4308 crours

426 4408 624 4493 Capitulum
648 4408 727 4473 eccl.
752 4409 826 4473 coll.
854 4409 990 4493 Rypon’
1017 4410 1119 4474 Ebor.
1146 4408 1232 4474 dioc.
1258 4410 1444 4474 venerabili

282 4537 287 4548 ·
339 4515 413 4578 viro
436 4520 470 4578 et
494 4513 641 4577 discreto
664 4513 793 4597 Mag'ro
818 4513 946 4577 Rob’to
970 4513 1012 4578 de
1036 4512 1197 4589 Manteld,
1222 4514 1386 4579 canonico
1409 4521 1444 4580 et

339 4619 503 4684 confratri
521 4624 650 4693 nostr0,
670 4618 816 4682 salutem
835 4619 870 4681 in
890 4619 1043 4682 omnium
1063 4618 1250 4683 Saluatore.

411 4780 419 4802 ¹
439 4774 565 4824 Omitted
579 4773 606 4820 in
619 4773 675 4820 MS.
