3392 5650
333 688 395 773 176
619 692 697 756 Tur.
723 693 879 756 lucum
904 692 1151 759 Mauuscnrer.

465 870 552 953 (261)
582 871 789 952 (Admission
814 872 849 935 ol
873 893 893 935 a
916 872 1217 955 Cbantry-priest).

117 1017 247 1069 Nouate.
263 1017 312 1063 nn
418 1013 499 1096 (ap.
522 1014 601 1077 eccl.
624 1014 698 1078 coll.
723 1014 860 1097 Rypon’
883 1014 985 1079 Ebor.
1008 1014 1094 1078 dioc.
1117 1015 1174 1079 dil.
1197 1015 1294 1080 nobis
1315 1016 1349 1081 in
1371 1039 1445 1102 xpo

138 1096 301 1145 ¹307-1435·
329 1116 411 1180 d'no
458 1117 586 1181 Rob’to
631 1118 673 1181 de
719 1118 876 1200 Wytton’
924 1107 1110 1201 capellano,
1157 1119 1314 1185 salutem.
1385 1121 1443 1187 Ad

329 1223 519 1285 cantariam
543 1229 745 1306 perpetuam
769 1221 813 1286 ad
836 1223 955 1286 Altare
977 1223 1234 1307 Assumpcionis
1256 1225 1307 1289 be.
1333 1225 1442 1291 Marie

329 1326 362 1389 in
385 1326 463 1390 eccl.
487 1326 568 1390 (oll.
592 1328 624 1390 b.
648 1326 757 1390 Willr.
782 1326 919 1409 Rypon’
943 1347 1004 1410 pro
1025 1327 1189 1392 fratribus
1210 1334 1245 1392 et
1266 1330 1442 1395 sororibus

328 1430 417 1514 gilde
449 1431 596 1513 Virginis
628 1431 771 1515 gloriose
805 1430 847 1494 de
881 1451 972 1495 nouo
1004 1430 1187 1496 fundatam
1220 1439 1255 1496 et
1288 1440 1440 1500 erectam

328 1542 521 1609 vacantem,
542 1535 709 1619 adquam
729 1555 789 1619 per
807 1534 1036 1600 venerabilem
1055 1536 1167 1601 virum
1186 1537 1281 1601 d'nm
1300 1538 1440 1621 Joh’em

328 1639 370 1703 de
395 1640 500 1714 Dene,
526 1640 734 1703 confratrem
759 1645 928 1714 nostrum,
954 1639 998 1703 ad
1023 1660 1126 1724 quem
1151 1661 1192 1705 ex
1217 1643 1377 1707 concordi
1402 1650 1439 1709 et

328 1745 493 1809 vnamimi
528 1765 693 1808 consensu
728 1744 942 1807 conlratrum
977 1744 1208 1827 predictorum
1243 1747 1440 1812 nominacio

327 1849 398 1913 siue
426 1849 638 1933 presentacio
666 1849 730 1912 hac
757 1848 831 1911 vice
858 1847 1065 1931 pertinebat,
1093 1849 1192 1913 nobis
1219 1857 1439 1933 presentatus

327 1954 455 2027 existis,
474 1960 507 2017 te
524 1953 741 2017 admittimus
758 1953 792 2015 in
810 1952 1033 2035 Capellanum
1050 1959 1254 2037 perpetuum
1271 1976 1350 2020 cum
1367 1957 1439 2022 suis

326 2059 456 2122 iuribus
475 2065 508 2122 et
528 2065 614 2141 pert.
635 2057 813 2130 vniuersis
835 2063 869 2120 te
888 2057 1018 2121 intuitu
1037 2056 1192 2121 caritatis
1210 2058 1436 2137 instituimus

325 2170 360 2227 et
386 2184 446 2247 per
471 2162 546 2226 libri
574 2161 798 2226 tradicionem
824 2161 1028 2225 investimus
1054 2162 1215 2226 canonice
1241 2164 1276 2227 in
1301 2164 1435 2231 eadem.

326 2268 366 2331 ln
390 2289 418 2331 c.
444 2287 469 2331 r.
496 2273 520 2331 t.
546 2267 605 2349 sig.
632 2288 663 2331 n.
690 2272 740 2330 est
766 2286 967 2349 appensum.
1024 2266 1105 2331 Dat.
1131 2267 1165 2331 in
1190 2266 1293 2332 domo
1316 2276 1436 2335 nostra

325 2371 523 2455 Capitulari.

549 2513 636 2596 (262)
666 2512 912 2596 (Protestation
937 2512 973 2575 oi
997 2512 1209 2596 Residence).

114 2664 156 2712 No
168 2665 243 2720 date.
258 2666 309 2714 but
413 2658 453 2721 ln
493 2657 557 2720 Dei
595 2655 742 2730 nomine,
783 2654 903 2719 Amen.
952 2655 1026 2739 Ego
1064 2655 1182 2737 Joh'es
1220 2656 1263 2720 de
1292 2656 1432 2743 Soulby,

133 2744 297 2792 ¹⁴¹²'¹⁴'¹‘''
326 2762 517 2828 Canonicus
544 2761 622 2826 eccl.
652 2759 725 2825 coll.
755 2759 802 2822 b'i
830 2758 977 2822 Wiliridi
1006 2758 1155 2843 Rypon',
1185 2760 1434 2829 Prehendarius

326 2868 501 2933 Prebende
542 2866 584 2930 de
626 2866 802 2930 Scharrow
843 2865 878 2928 in
920 2864 1050 2940 eadem,
1093 2871 1266 2948 protestor
1305 2869 1432 2952 palam,

325 2973 470 3057 publice,
486 2978 520 3035 et
536 2971 570 3034 in
585 2970 652 3053 hijs
666 2969 811 3052 scriptis
827 2968 922 3052 quod
937 2969 1001 3033 hac
1016 2968 1168 3034 instante
1183 2970 1237 3034 die
1253 2972 1433 3039 Dominica

324 3078 388 3141 viz.
410 3078 444 3140 in
463 3075 595 3140 octabis
614 3074 679 3138 S’ci
699 3073 869 3156 Johannis
889 3073 1057 3156 Baptiste,
1078 3074 1301 3140 residenciam
1319 3098 1433 3143 meam

324 3183 358 3246 in
377 3181 470 3245 dicta
488 3180 566 3244 eccl.
587 3178 711 3262 Ripon'
731 3177 776 3242 ad
793 3177 931 3241 laudem
950 3183 984 3241 et
1002 3178 1166 3243 honorem
1184 3179 1248 3243 Die
1266 3187 1300 3245 et
1318 3182 1432 3247 eccl’ie

324 3285 475 3369 predicte
510 3283 635 3366 incipio
670 3303 711 3345 ex
747 3303 838 3345 nunc
873 3281 1062 3345 secundum
1097 3285 1361 3350 consuetudines
1395 3293 1431 3351 et

323 3395 458 3454 statuta
503 3388 594 3452 dicte
640 3386 786 3461 ecclesie,
828 3391 863 3449 et
904 3392 1077 3450 annuente
1119 3387 1278 3466 Domino,
1320 3389 1430 3474 ipsam

323 3494 523 3559 continuare
536 3491 677 3555 intendo
689 3510 868 3574 quousque
880 3490 954 3573 ipsa
966 3490 1152 3555 residencia
1164 3513 1240 3556 mea
1250 3494 1431 3559 actualiter

324 3599 426 3663 iuerit
447 3596 544 3661 finita
566 3602 600 3659 et
621 3594 802 3678 completa.

321 3787 362 3851 66
375 3807 407 3855 v,
448 3777 534 3861 (263)
557 3777 687 3860 (Letter
703 3775 899 3859 presenting
916 3774 1067 3858 acolytes
1084 3781 1121 3839 to
1139 3777 1198 3841 the
1214 3777 1429 3866 Archbishop

366 3884 420 3947 lor
437 3881 668 3962 Ordination).

409 4023 613 4098 Venerabili,
631 4028 699 4097 etc,
717 4074 723 4086 .
743 4074 749 4086 .
767 4022 808 4086 R.
825 4020 858 4085 d.
874 4042 905 4106 g.
922 4022 1025 4086 Ebor.
1042 4022 1143 4087 Arch.
1162 4075 1168 4088 .
1187 4075 1193 4088 .
1212 4076 1219 4089 .
1236 4024 1287 4091 W.
1304 4026 1346 4090 de
1361 4026 1425 4104 W,

206 4139 214 4168 ³
322 4132 359 4196 T.
374 4130 416 4194 de
429 4130 494 4203 W,
508 4128 550 4193 N.
566 4127 607 4191 de
622 4127 659 4191 T.
675 4133 709 4190 et
725 4126 767 4189 R.
782 4125 824 4189 de
840 4126 893 4190 W.
910 4125 1071 4190 accolitos
1088 4178 1094 4190 .
1113 4178 1119 4191 .
1138 4179 1144 4191 .
1161 4147 1199 4190 crs
1217 4127 1255 4192 in
1271 4129 1335 4194 No.
1351 4146 1425 4214 259.

566 4305 653 4388 (264)
683 4304 919 4388 (Nomination
944 4311 981 4369 to
1005 4305 1183 4390 Chantry).

407 4448 600 4515 Venerabili
640 4446 791 4531 capitulo
830 4447 909 4511 eccl.
947 4447 1021 4512 coll.
1062 4447 1104 4512 de
1140 4448 1277 4533 Ripon’,
1314 4460 1458 4517 vester.

211 4565 216 4577 ’
252 4566 256 4575 “
320 4556 457 4622 humilis
482 4553 599 4638 Joh’es
624 4552 666 4616 de
693 4551 846 4636 lngelby,
874 4552 1084 4616 reuerencias
1109 4559 1144 4617 et
1169 4553 1323 4621 honores.
1371 4558 1426 4625 Ad

318 4660 509 4727 cantariam
531 4663 733 4741 perpetuam
755 4656 857 4720 beate
879 4656 984 4720 Marie
1007 4657 1154 4742 Virginis
1175 4657 1218 4722 de
1241 4659 1366 4744 Ripon'
1390 4663 1424 4727 in

318 4765 607 4851 Staynbryggate,
635 4767 819 4825 vacantem
846 4779 907 4845 per
934 4766 1080 4825 mortem
1108 4761 1219 4844 Joh'is
1247 4763 1423 4851 Kabargh,
