3392 5650
630 725 724 789 Acis
748 741 793 788 oa
816 724 995 789 CHAPTER.
1305 741 1365 806 171

261 905 408 970 iacentia
431 905 466 968 in
490 904 614 987 Ripon'
640 904 674 967 in
698 904 840 968 diuersis
862 903 955 979 lociS,
979 924 1126 988 quorum
1149 923 1257 967 vnum
1280 903 1368 966 iacet

261 1010 295 1073 in
314 1009 345 1072 le
365 1009 552 1092 Horsfayre
571 1009 660 1072 inter
678 1008 891 1093 mesuagium
910 1007 1091 1072 Elizabeth
1111 1008 1153 1072 de
1173 1008 1307 1091 Snayth
1327 1028 1368 1071 ex

259 1120 358 1197 parte
374 1134 444 1177 vna
461 1119 496 1177 et
513 1113 726 1197 mesuagium
743 1112 854 1195 Joh’is
872 1112 1057 1195 Pakhardy
1074 1133 1116 1175 ex
1133 1118 1231 1196 parte
1249 1111 1366 1187 altera,

260 1225 294 1282 et
323 1217 416 1282 aliud
444 1238 525 1281 mes.
556 1217 645 1281 iacet
672 1216 707 1280 in
738 1217 937 1301 Kyrkegate
965 1217 1054 1280 inter
1081 1237 1162 1280 mes.
1192 1215 1369 1300 quondam

260 1322 371 1405 Joh'is
398 1322 567 1386 Frankish
594 1342 635 1384 ex
662 1326 760 1404 parte
788 1342 858 1385 vna
884 1327 919 1384 et
946 1341 1027 1386 mes
1056 1320 1232 1405 quondam
1258 1320 1369 1403 Joh'is

261 1426 391 1510 Gylyot
412 1447 454 1489 ex
475 1432 574 1510 parte
596 1425 714 1500 altera,
738 1424 875 1489 tenend.
899 1431 933 1489 et
955 1425 1101 1489 habend.
1125 1424 1279 1508 predicta
1300 1424 1369 1488 duo

260 1531 435 1615 mesuagia
455 1551 534 1594 cum
555 1530 624 1594 suis
646 1530 769 1613 pertin.
792 1529 947 1613 predicto
968 1528 1042 1593 Ade
1064 1535 1098 1593 et
1119 1529 1369 1593 successoribus

261 1635 330 1699 suis
349 1634 540 1717 Capellanis
558 1634 711 1698 cantaric
729 1633 875 1717 predicti
894 1632 1012 1697 altaris
1030 1633 1149 1697 diuina
1166 1632 1369 1697 celebraturi

260 1738 401 1824 singulis
421 1738 542 1802 diebus
562 1738 689 1802 ibidem
710 1738 744 1801 in
765 1737 1085 1822 augmentacioncm
1105 1738 1369 1802 sustentacionis

261 1864 331 1919 sue,
354 1842 469 1918 libere,
493 1842 619 1927 quiete,
642 1842 783 1926 integre,
807 1842 904 1917 bene,
928 1848 962 1905 et
985 1842 1019 1905 in
1041 1862 1125 1925 pace
1147 1848 1181 1906 et
1203 1843 1369 1926 imperpe-

262 1955 373 2023 tuum,
393 1947 435 2010 de
454 1946 661 2030 capitalibus
680 1946 768 2010 d'nis
787 1946 876 2010 leod.
895 1945 1040 2022 illorum,
1058 1967 1118 2030 per
1133 1946 1275 2011 seruicia
1292 1947 1370 2011 inde

261 2052 380 2115 debita
399 2058 433 2115 et
452 2051 495 2115 de
514 2052 585 2115 iure
604 2056 778 2115 consueta.
827 2050 884 2114 lta
902 2071 1036 2134 semper
1054 2051 1148 2134 quod
1167 2050 1370 2135 Capelianus

262 2156 414 2220 cantarie
451 2154 603 2239 predicte
639 2155 699 2239 qui
735 2174 797 2238 pro
835 2160 988 2237 tempore
1025 2155 1139 2230 fuerit,
1177 2156 1369 2232 matutinis,

262 2261 422 2344 vesperis,
449 2266 484 2324 et
509 2259 586 2342 alijs
611 2259 702 2323 horis
727 2259 898 2323 canonicis
923 2259 958 2323 in
983 2259 1094 2323 Choro
1119 2259 1209 2323 dicte
1234 2260 1371 2324 ecclesie
1453 2249 1460 2258 ’

263 2365 424 2430 continue
439 2364 583 2428 intersit.
632 2364 678 2427 Et
693 2384 755 2447 ego
769 2384 851 2427 vero
865 2363 1038 2447 predictus
1053 2363 1168 2428 Dauid
1182 2370 1217 2428 et
1231 2364 1371 2428 heredes

263 2470 330 2533 mei
350 2469 505 2552 predicta
525 2468 594 2532 duo
615 2467 789 2551 mesuagia
808 2488 888 2531 cum
908 2467 977 2531 suis
996 2468 1120 2551 pertin.
1142 2468 1277 2551 prelato
1297 2468 1371 2532 Ade

264 2580 298 2637 et
313 2572 562 2637 successoribus
576 2572 646 2636 suis
660 2570 852 2654 Capellanis
866 2571 984 2635 diuina
997 2571 1218 2636 celebraturis
1231 2573 1372 2658 singulis

264 2678 384 2741 diebus
416 2676 460 2740 ad
493 2676 601 2740 altare
632 2675 825 2759 predictum
858 2675 892 2738 in
925 2674 1035 2739 forma
1066 2676 1220 2759 predicta
1252 2684 1372 2743 contra

264 2802 382 2846 omnes
402 2787 521 2866 gentes
543 2779 845 2844 warantizabimus
867 2779 1131 2863 imperpetuum.
1180 2781 1221 2846 ln
1243 2804 1270 2847 e.
1295 2803 1319 2848 r.
1345 2789 1369 2848 t.

263 2888 295 2951 h.
314 2908 347 2970 p.
365 2908 392 2950 c.
411 2886 471 2970 sig.
489 2906 534 2949 m.
554 2885 708 2968 apposui.
757 2884 800 2948 H.
819 2889 844 2948 t.
864 2884 998 2968 Rogero
1014 2884 1056 2948 de
1072 2885 1216 2968 chyk,
1235 2887 1372 2952 Simone

263 2991 418 3065 Warede,
434 2990 618 3054 Cristofero
633 2987 806 3072 Mayllore,
822 2988 999 3064 militibus,
1015 2989 1116 3072 Joh’e
1130 2990 1172 3054 de
1186 2991 1370 3069 Schirwod,

264 3096 393 3160 Rob'to
407 3095 449 3158 de
463 3094 679 3169 BrounhouS,
694 3093 794 3176 Joh’e
808 3093 850 3157 de
864 3093 1031 3177 Topclyfi,
1046 3093 1146 3176 Joh’e
1160 3094 1202 3158 de
1214 3096 1370 3174 Tanleld,

263 3207 297 3264 et
334 3199 452 3263 multis
488 3198 575 3282 alijs.
623 3198 704 3262 Dat.
743 3197 836 3281 apud
874 3198 1000 3281 Rypon
1036 3199 1120 3263 xxix
1156 3199 1210 3264 die
1246 3202 1371 3265 mensis

264 3304 379 3388 Marcii
404 3303 505 3367 Anno
527 3303 621 3387 regni
641 3302 727 3387 regis
750 3301 912 3366 Edwardi
930 3303 1025 3366 tercii
1041 3310 1120 3386 post
1136 3304 1371 3389 Conquestum

263 3409 363 3493 xliij0.

266 3601 353 3683 (254)
394 3599 574 3682 (Monition
622 3604 658 3662 to
698 3597 882 3682 Chaplains
921 3619 958 3662 as
1003 3605 1040 3663 to
1085 3602 1292 3667 attendance
1337 3604 1371 3667 in

307 3704 543 3788 processions).

352 3859 393 3923 ln
420 3859 483 3922 Dei
509 3858 657 3932 nomine,
685 3858 805 3921 Amen.
854 3857 935 3934 Nos,
963 3858 1076 3923 Adam
1103 3860 1144 3924 de
1171 3863 1369 3940 Fenrother,

264 3964 455 4028 Canonicus
497 3962 754 4026 residenciarius
796 3961 875 4026 eccl.
920 3962 994 4026 coll.
1040 3963 1176 4048 Ripon',
1220 3967 1294 4031 vice
1336 3975 1370 4033 et

264 4068 472 4133 auctoritate
498 4065 657 4149 Capituli,
684 4086 864 4129 monemus
890 4072 924 4129 te
949 4066 1086 4149 Joh’em
1111 4068 1231 4146 Grcvc,
1260 4071 1371 4136 Ric'm

263 4171 436 4246 Tankard,
448 4169 683 4234 Alexandrum
698 4170 884 4244 Hakforth,
900 4169 1010 4234 Nich¹n
1025 4172 1218 4256 Mydylton,
1234 4175 1371 4258 Joh’em

263 4276 421 4359 Caldmy,
441 4274 569 4338 Will’m
589 4273 761 4349 Marshall,
782 4273 919 4356 Joh'em
938 4275 1085 4352 Forster,
1107 4277 1219 4342 Ric’m
1238 4281 1371 4358 Felton,

263 4380 400 4463 Joh'em
424 4380 611 4462 Westwyk,
637 4378 774 4461 Joh'em
794 4378 837 4441 de
861 4378 1013 4455 Skelton,
1035 4380 1162 4446 Will’m
1186 4383 1316 4461 Lelum,
1338 4393 1372 4450 et

264 4485 376 4548 Ric’m
412 4482 601 4558 Wakeleld,
639 4481 841 4566 Capellanos
877 4483 912 4546 in
948 4484 1147 4567 supradicta
1182 4488 1261 4553 eccl.
1299 4491 1373 4555 n'ra

264 4588 389 4672 Ripon'
413 4587 531 4652 diuina
553 4586 774 4662 celebrantes,
799 4587 964 4670 quatinus
986 4588 1021 4651 in
1044 4592 1316 4672 processionibus
1338 4602 1372 4659 et

263 4694 298 4757 in
314 4712 439 4777 magna
454 4691 558 4755 missa
573 4696 608 4754 et
624 4691 659 4754 in
675 4691 797 4755 diebus
812 4691 1002 4755 Dominicis
1018 4699 1052 4757 et
1069 4694 1165 4759 festis
1180 4696 1373 4781 duplicibus

263 4798 298 4861 in
314 4797 408 4862 dicta
423 4795 502 4861 eccl.
520 4801 639 4859 nostra
654 4795 819 4862 faciendis
834 4796 870 4859 in
885 4796 1009 4862 habitu
1024 4799 1212 4865 secundum
1227 4803 1373 4887 gradum
