3392 5650
177 4435 249 4498 Abp.

129 4504 172 4552 W.
192 4502 292 4550 Booth.

339 704 403 770 226
624 707 702 770 Tur
727 706 884 770 lucum
908 705 1154 771 Manuscrurr.

341 885 428 966 (321)
449 884 650 950 Coumssro
669 903 824 950 urrerem
842 885 1023 950 cimmo
1041 903 1110 950 ruo
1128 902 1349 950 ADM1SS10NE
1368 886 1445 950 n'm

382 989 513 1053 Tnour
537 991 662 1055 Bornr
685 1008 734 1054 Ar>
757 1007 980 1054 purarunnu
1004 1008 1051 1053 oa
1075 990 1267 1055 Nunwrcu.

425 1143 594 1209 Will'mus
621 1145 840 1229 permissione
866 1143 994 1218 diuina,
1017 1149 1094 1217 etc.,
1117 1144 1174 1208 dil.
1193 1145 1227 1207 in
1254 1144 1334 1228 Xpo
1355 1144 1444 1227 filijs,

337 1247 394 1312 Ca,
416 1248 494 1312 eccl.
516 1249 587 1312 n're
606 1248 729 1332 Colleg.
751 1248 845 1311 beati
865 1248 973 1312 Wilfr.
996 1248 1132 1331 Ripon’‚
1153 1269 1200 1313 sa.
1221 1268 1291 1332 gra.
1312 1255 1347 1312 et
1366 1250 1443 1313 ben.

337 1351 425 1435 Quia
453 1373 515 1415 nos
543 1353 600 1417 dil.
630 1353 665 1416 in
695 1353 744 1416 Χο
773 1352 818 1417 fil.
848 1352 930 1416 d’no
958 1353 1087 1416 Thome
1117 1352 1228 1416 Bothe
1256 1352 1445 1437 presbitero

337 1456 585 1521 Canonicatum
610 1458 644 1520 in
669 1457 748 1521 eccl.
774 1457 849 1521 n’ra
874 1456 996 1540 Colleg.
1024 1457 1149 1541 Ripon'
1175 1463 1210 1521 et
1234 1456 1445 1541 prebendam

336 1560 378 1624 de
405 1560 552 1625 Nunwik
579 1561 614 1624 in
640 1562 760 1625 eadem
787 1581 847 1644 per
872 1568 1019 1624 mortem
1046 1561 1164 1645 Mag'ri
1190 1560 1293 1625 Will'i
1320 1561 1445 1645 Scrope

335 1664 446 1729 Vltimi
483 1666 684 1749 possessoris
719 1664 906 1729 eorundem
941 1672 1106 1729 vacantes
1140 1670 1175 1729 et
1209 1665 1255 1746 ad
1289 1672 1444 1730 nostram

335 1770 555 1834 collacionem
591 1770 692 1854 pleno
728 1770 800 1834 iure
836 1775 1033 1853 spectantes
1068 1769 1277 1834 contulimus
1313 1770 1444 1835 intuitu

334 1874 498 1948 caritatis,
523 1875 630 1938 Vobis
651 1874 857 1938 mandamus
886 1874 1051 1957 quatinus
1078 1873 1252 1957 prelatum
1274 1874 1443 1939 Thomam

335 1978 446 2042 Bothe
464 1979 519 2042 vel
537 1984 793 2061 procuratorem
812 1998 913 2042 suum
932 1978 1004 2042 eius
1022 1978 1160 2042 nomine
1178 1979 1213 2042 in
1232 1978 1442 2063 corporalem

332 2083 579 2165 possessionem
595 2082 766 2146 dictorum
783 2081 1013 2146 Canonicatus
1029 2089 1063 2145 et
1081 2081 1252 2166 prebende
1270 2083 1442 2147 inducatis

332 2207 391 2250 seu
430 2187 545 2251 induci
584 2187 719 2250 faciatis
757 2207 836 2250 cum
873 2187 942 2251 suis
980 2186 1111 2251 iuribus
1149 2192 1183 2251 et
1222 2187 1442 2270 pertinenciis

331 2291 508 2366 vniuersis,
538 2291 678 2355 stallum
706 2292 741 2354 in
769 2291 873 2355 choro
901 2297 936 2354 et
963 2291 1077 2355 locum
1105 2291 1140 2354 in
1169 2291 1322 2375 capitulo
1349 2291 1441 2355 dicte

331 2396 468 2459 ecclesie
494 2401 610 2460 nostre
634 2394 818 2479 Collegiate
841 2395 943 2459 dictis
966 2395 1184 2460 canonicatui
1208 2401 1243 2460 et
1267 2396 1441 2479 prebende

331 2500 524 2583 antiquitus
556 2500 764 2583 pertinentia
797 2500 933 2582 prelato
966 2500 1097 2563 Thome
1131 2500 1243 2564 Bothe
1275 2500 1330 2564 vel
1363 2520 1440 2583 pro-

330 2604 479 2667 curatori
500 2624 562 2668 suo
583 2604 654 2667 eius
675 2604 812 2667 nomine
834 2604 949 2667 debite
970 2603 1193 2688 assignantes,
1241 2604 1322 2669 Dat.
1345 2604 1439 2688 apud
1522 2597 1536 2619 ⁶

330 2708 498 2791 Hakeney
518 2710 583 2772 sub
603 2707 712 2792 sigillo
732 2708 807 2772 n'ro
827 2708 990 2772 vicesimo
1010 2729 1101 2772 nono
1122 2708 1176 2771 die
1197 2709 1322 2772 mensis
1343 2709 1437 2792 Maij,

329 2812 430 2877 Anno
463 2809 524 2877 Doi
557 2810 636 2876 ΜΙῐῃο
667 2834 744 2876 cccc
777 2812 988 2897 sexagesimo
1023 2813 1139 2889 tercio,
1174 2820 1439 2898 nostrarumque

330 2916 605 2981 Consecracionis
624 2917 668 2980 Αο
687 2917 931 2992 sextodecimo
952 2923 986 2980 et
1005 2917 1136 2982 Transl.
1157 2918 1348 2983 vndecimo

419 3060 625 3123 Mandatum
653 3058 891 3142 supradictum
918 3059 1050 3122 editum
1078 3059 1144 3123 luit
1175 3060 1210 3123 in
1237 3060 1340 3124 domo
1371 3059 1439 3124 Cari

329 3183 388 3247 per
411 3163 506 3226 d’nm
529 3163 656 3226 Will’m
680 3163 788 3227 Sawle
810 3163 978 3227 vicarium
1001 3163 1092 3227 dicte
1115 3164 1195 3228 eccl.
1221 3170 1255 3227 et
1278 3185 1438 3248 procura-

329 3274 439 3331 torem
464 3267 529 3331 d’ci
554 3267 685 3331 Thome
711 3267 823 3331 Bothe
848 3267 943 3350 xxvij
971 3267 1027 3331 die
1051 3268 1176 3331 mensis
1202 3268 1310 3352 Junij,
1336 3268 1438 3333 Anno

329 3367 390 3435 Doi
409 3371 551 3435 Mill'mo
570 3392 646 3435 cccc
664 3367 782 3454 lxiij0i0.

330 3563 417 3644 (322)
449 3562 629 3626 Auurssro
659 3580 755 3626 men
786 3563 918 3627 Tirone
950 3564 1075 3628 Berua
1106 3581 1156 3628 AD
1186 3582 1322 3630 urcrnu
1352 3583 1437 3630 aaa·

373 3684 537 3731 neuneu.

415 3808 612 3893 Capitulum
632 3809 712 3873 eccl.
735 3809 816 3874 Coll.
837 3810 931 3874 beati
950 3809 1097 3874 Willridi
1117 3812 1242 3896 Ripon’
1263 3833 1340 3878 ven.
1361 3813 1437 3879 viro

326 3914 407 3977 d’no
444 3914 574 3978 Thome
612 3914 734 3989 Bothe,
772 3914 919 3978 salutem
956 3915 991 3978 in
1028 3921 1167 3980 auctore
1203 3917 1334 3982 salutis.
1381 3916 1437 3982 Ad

327 4017 576 4082 Canonicatum
601 4024 635 4081 et
660 4018 871 4102 prebendam
895 4019 937 4082 de
961 4018 1129 4084 Nunwick
1153 4021 1188 4085 in
1212 4021 1291 4086 eccl.
1316 4028 1435 4087 nostra

327 4121 450 4205 Colleg.
478 4122 552 4186 n’ra
580 4121 650 4204 (sic)
678 4122 833 4205 predicta
859 4122 984 4206 Ripon’
1011 4143 1071 4207 per
1094 4129 1242 4188 mortem
1266 4145 1343 4190 ven.
1370 4126 1435 4190 viri

328 4226 403 4290 M'ri
422 4226 526 4290 Will'i
546 4226 671 4310 Scrope
690 4226 803 4289 vltimi
823 4227 1024 4310 possessoris
1043 4229 1228 4292 eorundem
1248 4228 1434 4295 Canonica-

327 4336 384 4395 tus
409 4336 443 4393 et
469 4330 640 4414 prebende
665 4336 829 4394 vacantes
855 4336 889 4394 et
915 4331 978 4395 tibi
1004 4352 1064 4414 per
1090 4332 1267 4397 Reuerenm
1292 4334 1327 4398 in
1353 4335 1436 4419 Xpo

327 4440 461 4518 patrem
489 4439 523 4497 et
551 4434 646 4497 d'nm
673 4434 761 4498 n'rm
789 4435 885 4499 d'nm
912 4435 1040 4499 Will'm
1068 4437 1288 4520 permissione
1315 4437 1433 4504 diuina
1529 4435 1534 4442 ’

327 4540 429 4603 Ebor.
451 4538 753 4622 archiepiscopum,
775 4545 841 4614 etc„
860 4540 1012 4615 collatos,
1031 4545 1065 4604 te
1084 4541 1118 4604 in
1138 4562 1318 4625 personam
1342 4542 1432 4608 d’ci1

325 4643 429 4707 Will’i
456 4643 634 4726 presbiteri
662 4649 696 4706 et
724 4643 841 4727 vicarij
872 4645 1101 4728 procuratoris
1129 4646 1180 4710 tui
1207 4646 1432 4714 sufficientem

396 4802 403 4823 ¹
423 4797 480 4847 Not
493 4796 587 4848 beiore
600 4797 710 4847 named.
