3392 5650
582 719 675 784 Acrs
699 737 745 784 or
768 719 946 784 Caneran.
1256 716 1318 801 187

211 899 298 982 (283)
324 899 522 980 (induction
542 905 579 962 to
599 900 658 962 the
678 899 837 982 Canonry
857 898 926 963 and
947 898 1102 963 Prebend
1122 898 1157 961 of
1175 896 1315 980 Thorp).

296 1028 495 1112 Capitulum
527 1081 533 1093 .
568 1080 574 1093 .
608 1081 614 1093 .
647 1028 776 1113 Mag’ro
806 1027 919 1092 Will’o
949 1026 1043 1110 Gray
1072 1047 1165 1090 sacre
1195 1025 1317 1110 pagine
1383 1040 1487 1098 1447-8,

209 1133 389 1217 professori
409 1185 414 1197 .
436 1185 442 1197 .
462 1133 506 1197 ad
523 1133 605 1199 Can.
624 1139 659 1196 et
676 1153 726 1215 pr.
746 1132 788 1196 de
805 1132 930 1216 Thorp.
968 1137 1185 1196 ..vacantes
1202 1136 1237 1194 et
1254 1129 1317 1193 tibi
1369 1106 1430 1167 Jan.
1450 1118 1488 1167 13·

211 1289 216 1300 .
257 1289 263 1301 .
301 1237 445 1301 collatos
481 1237 516 1300 in
552 1257 733 1320 personam
769 1236 906 1300 discreti
942 1235 1006 1299 viri
1043 1235 1162 1320 Mag'ri
1200 1233 1318 1297 Rob’ti

208 1342 377 1405 Thwartis
391 1342 621 1425 procuratoris
635 1341 687 1406 tui
703 1393 709 1405 .
727 1393 733 1405 .
749 1340 960 1416 induximus,
976 1347 1043 1415 etc„
1059 1361 1096 1404 as
1110 1339 1148 1403 in
1161 1339 1197 1401 N
1198 1360 1225 1403 0.
1242 1356 1315 1422 273.

211 1495 298 1577 (284)
345 1495 525 1559 Auurssro
569 1504 811 1558 veneramus
856 1511 931 1558 vnn
978 1493 1110 1558 Mno'iu
1156 1492 1314 1571 GuoxorJ

252 1599 394 1663 Nsvrru
418 1617 467 1662 AD
493 1617 595 1663 pnes.
623 1616 671 1662 uu
695 1599 855 1663 Triones.

296 1729 494 1811 Capitulum
509 1781 515 1792 .
533 1781 539 1793 .
555 1706 685 1813 Mag’ro
698 1727 842 1813 Georgio
857 1727 976 1791 Nevile
989 1728 1100 1792 Oxon.
1116 1727 1316 1792 cancellario
1394 1762 1468 1811 1454,

210 1884 216 1895 .
235 1885 240 1896 .
259 1885 265 1896 .
282 1833 327 1896 ad
341 1833 422 1897 Can.
439 1840 473 1896 et
489 1833 542 1897 Pr.
559 1833 601 1896 de
615 1833 731 1916 Thorp
747 1884 753 1896 .
772 1885 778 1897 .
794 1838 959 1896 vacantes
973 1840 1008 1895 et
1023 1831 1086 1895 tibi
1103 1884 1108 1896 .
1127 1884 1133 1895 .
1152 1884 1158 1895 .
1174 1832 1317 1896 collatos
1373 1816 1442 1879 Aug.
1456 1830 1482 1877 4·

208 1938 243 2001 in
258 1959 439 2022 personam
453 1937 552 2002 discr.
568 1937 632 2001 viri
648 1936 767 2021 Mag'ri
782 1936 885 2001 Will’i
900 1936 1073 2020 Lampton
1087 1937 1317 2020 procuratoris

209 2042 259 2105 tui
280 2094 286 2106 .
308 2094 314 2106 .
334 2042 543 2117 induximus
563 2048 630 2115 etc„
650 2063 687 2105 as
704 2041 743 2105 in
761 2041 827 2105 N0.
848 2058 922 2124 273.

206 2203 255 2281 69.
457 2197 544 2280 (285)
574 2196 665 2278 (wiri
688 2197 724 2260 Of
747 2195 896 2260 wilram
920 2152 1089 2279 eawodis

296 2326 337 2389 In
361 2326 425 2389 Dei
447 2325 596 2401 nomine,
621 2326 742 2389 Amen.
790 2326 864 2410 Ego
887 2325 1032 2389 Will'ms
1056 2325 1190 2400 Cawod,
1215 2347 1316 2390 cano·
1370 2374 1491 2420 1419,20‚

207 2430 302 2493 nicus
344 2430 564 2494 ecclesiarum
606 2429 820 2493 Cathedralis
863 2429 956 2493 beati
1000 2430 1092 2494 Petri
1135 2431 1237 2495 Ebor.
1281 2437 1315 2495 et
1378 2427 1443 2475 Feb.
1460 2442 1483 2489 3·
1518 2511 1520 2516 Ι

206 2534 390 2618 Collegiate
408 2534 544 2618 Ripon',
563 2534 691 2598 Rector
706 2534 843 2598 ecclesie
864 2534 1067 2617 parochialis
1086 2534 1128 2598 de
1144 2535 1314 2611 Warton‚1

207 2637 477 2702 Archidiaeonus
508 2638 712 2702 Richmond'
743 2639 846 2702 Ebor.
877 2638 976 2713 dioc,
1006 2659 1109 2703 sanus
1138 2645 1252 2702 mente
1281 2646 1315 2703 et
1339 2628 1524 2678 Preferments

209 2763 349 2826 corpore
371 2742 531 2817 existens,
555 2742 831 2827 prospiciensque
854 2748 889 2806 et
909 2742 1100 2829 intelligens
1122 2743 1215 2829 quod
1237 2764 1315 2807 cum
1341 2694 1370 2742 of
1387 2698 1514 2744 testator.

105 2865 107 2868 ⁴
207 2868 331 2931 corpus
363 2847 456 2931 viget
488 2848 638 2911 sanitate
670 2854 705 2911 et
737 2867 833 2911 mens
866 2868 926 2932 per
957 2848 1131 2932 langorem
1163 2869 1231 2912 non
1264 2856 1315 2913 est

206 2952 349 3016 interius
374 2951 552 3035 impedita,
580 2958 663 3016 tune
688 2953 791 3015 homo
816 2951 959 3036 pleniori
985 2952 1096 3016 vtitur
1120 2953 1255 3017 racione
1280 2960 1315 3017 et

205 3056 326 3120 vltime
356 3056 548 3120 voluntatis
579 3077 638 3120 sue
669 3056 938 3120 declaracionem
968 3056 1003 3120 in
1033 3078 1102 3140 qua
1132 3057 1315 3141 tranquille

206 3160 331 3224 mentis
364 3159 509 3224 racionis
542 3181 624 3224 vsus
657 3160 806 3245 exigitur
838 3159 1008 3225 salubrius
1042 3167 1076 3224 et
1109 3161 1314 3244 prudencius

205 3264 343 3329 ordinat
366 3270 401 3328 et
424 3264 586 3349 disponit.
634 3266 680 3328 Et
703 3271 886 3349 propterea
908 3264 992 3329 dum
1014 3265 1124 3329 lucem
1147 3265 1258 3330 habeo
1279 3266 1314 3330 in

205 3369 279 3433 luce
306 3369 482 3433 ambulare
509 3369 715 3444 desiderans,
745 3369 786 3433 ln
813 3369 950 3433 nomine
977 3368 1086 3453 patris
1112 3375 1147 3433 et
1174 3369 1248 3454 Filij
1279 3377 1314 3435 et

205 3473 351 3556 Spiritus
386 3472 514 3548 Sancti,
546 3473 676 3549 Amen;
718 3473 833 3537 animo
864 3472 1033 3537 condendi
1065 3480 1313 3539 testamentum

204 3598 320 3641 meum
331 3598 370 3641 ac
381 3577 489 3641 eciam
499 3577 659 3641 Vltimam
669 3578 888 3641 voluntatem
898 3598 1011 3641 meam
1022 3577 1175 3661 apercius
1186 3578 1313 3643 declar·
1340 3567 1390 3616 His
1403 3570 1462 3685 ῗιῖξῑ
1478 3573 1508 3620 to

205 3681 296 3756 andi,
317 3681 520 3745 commendo
544 3682 703 3745 miseram
728 3682 879 3745 animam
903 3702 1016 3745 meam
1039 3682 1128 3746 illius
1149 3683 1313 3747 immense
1346 3701 1505 3756 Redeemer.

204 3784 432 3849 misericordie
453 3786 512 3870 qui
535 3785 687 3869 precioso
706 3785 871 3870 sanguine
892 3806 954 3850 suo
976 3786 1238 3850 misericorditer
1258 3808 1312 3851 me
1335 3818 1385 3868 His
1399 3821 1475 3886 body
1488 3829 1519 3874 to

204 3889 359 3965 redemit,
377 3895 411 3953 et
428 3910 551 3973 corpus
570 3910 685 3954 meum
701 3890 863 3953 miserum
880 3889 1012 3973 sepeliri
1032 3889 1121 3953 inira
1137 3891 1312 3956 ecclesiam
1351 3900 1403 3935 one
1416 3890 1446 3937 of
1458 3891 1500 3940 his

204 3993 397 4078 aliquorum
411 3994 653 4058 beneficiorum
668 4014 822 4058 meorum
834 3994 870 4057 in
882 4015 952 4077 quo
965 4000 999 4057 et
1013 3994 1071 4057 ubi
1085 3994 1245 4058 decedere
1258 4016 1312 4060 me
1355 3954 1497 4007 churches.

204 4098 390 4183 continget.
439 4099 485 4161 Et
521 4097 548 4161 si
585 4097 763 4182 contingat
799 4118 922 4180 corpus
958 4118 1073 4161 meum
1108 4099 1241 4183 sepeliri
1276 4100 1311 4164 in
1337 4069 1513 4201 {fegflgt‘s'sfo

204 4202 332 4266 Ecel’ia
344 4202 442 4266 Cath.
458 4202 573 4278 Ebot,
588 4209 672 4266 tunc
684 4202 758 4286 lego
771 4201 910 4266 cuilibet
923 4202 1087 4266 canonico
1100 4209 1134 4266 et
1147 4203 1311 4268 confratri
1337 4204 1416 4281 those
1425 4212 1517 4284 atten-

203 4306 355 4371 eiusdem
371 4306 449 4371 eccl.
468 4307 571 4371 Ebor.
589 4306 803 4370 interessenti
819 4306 974 4390 exequiis
990 4306 1073 4369 meis
1089 4307 1309 4385 funeralibus
1364 4271 1489 4395 ‘iiilgefffis

202 4410 267 4494 vjs.
305 4410 401 4494 viijd.
461 4412 507 4474 Et
543 4410 683 4475 cuilibet
719 4430 862 4494 persone
897 4416 932 4474 et
967 4410 1095 4474 vicario
1130 4411 1164 4474 in
1201 4412 1311 4477 Choro

202 4515 355 4579 eiusdem
388 4514 525 4579 ecclesie
557 4515 685 4579 eisdem
718 4514 872 4598 exequijs
904 4514 1129 4590 interessenti,
1164 4515 1215 4599 ijs.
1264 4519 1311 4582 Et

201 4619 341 4683 cuilibet
362 4619 507 4683 diacono
527 4619 632 4684 eiusd.
655 4619 733 4683 ecel.
756 4619 837 4683 eisd.
860 4639 956 4703 exeq.
978 4618 1203 4696 interessenti,
1225 4621 1309 4705 xijd.

273 4762 280 4784 ¹
301 4756 333 4802 ln
354 4755 529 4811 Lancashire,
546 4769 582 4803 on
602 4755 777 4803 Morecambe
795 4755 877 4817 Bay,
910 4755 958 4803 the
973 4755 1052 4804 Dean
1072 4757 1128 4804 and
1145 4756 1267 4820 Chapter
1283 4759 1313 4807 ot

201 4822 356 4870 Worcester
370 4837 416 4871 are
430 4837 492 4870 now
505 4822 553 4871 the
567 4821 856 4884 imp1·opriat0rs,and
870 4826 985 4884 patrous
999 4823 1029 4871 ot
1041 4823 1089 4871 the
1103 4823 1239 4888 vicarage.
