3392 5650
324 700 388 769 216
607 700 685 767 Tne
711 700 866 767 inciter
890 698 1137 767 llANuscmrr.

325 883 459 967 Capelle
483 883 555 946 siue
579 881 716 946 ecclesie
740 887 775 945 et
800 886 1082 955 ornamentorum
1107 902 1147 944 ac
1171 880 1435 964 capellanorum

326 987 444 1051 diuina
455 986 582 1050 ibidem
593 986 854 1060 celebrancium,
867 1005 1000 1050 necnon
1012 985 1156 1049 aliorum
1168 984 1436 1048 necessariorum

326 1090 477 1155 eiusdem
499 1091 592 1154 dicto
614 1111 729 1154 annuo
751 1090 888 1154 redditu
910 1089 1011 1154 vnius
1033 1088 1161 1172 denarij
1187 1088 1373 1152 dumtaxat
1397 1109 1438 1151 ac

327 1216 403 1259 rosa
427 1195 581 1279 predicta
606 1195 758 1278 exceptis
783 1214 843 1278 per
867 1194 1083 1278 superuisum
1108 1193 1249 1256 senioris
1275 1191 1437 1257 Canonici

327 1298 569 1382 Residenciarij
608 1298 745 1362 ecclesie
780 1298 964 1383 Collegiate
999 1298 1150 1382 predicte
1185 1317 1247 1382 pro
1282 1303 1438 1381 tempore

327 1403 506 1477 existente,
539 1403 591 1467 cui
625 1402 704 1466 inde
735 1402 907 1466 racionem
943 1402 1046 1465 semel
1083 1402 1117 1464 in
1153 1401 1309 1485 quolibet
1345 1422 1437 1465 anno

329 1507 463 1571 termini
490 1506 633 1592 predicti
659 1506 799 1590 quando
825 1505 869 1570 ad
895 1526 934 1569 eo
960 1505 1144 1590 requisitus
1169 1505 1272 1569 fuerit
1297 1504 1438 1569 reddere

138 1614 289 1689 alienating
329 1617 488 1675 teneatur
518 1610 663 1674 fideliter
691 1617 725 1674 et
750 1611 891 1695 integre,
917 1609 1066 1694 applicet
1092 1616 1127 1673 et
1150 1615 1342 1675 conuertat.
1390 1610 1438 1673 Et

149 1680 274 1808 naupli&
329 1716 465 1799 prouiso
494 1715 602 1778 eciam
630 1715 724 1798 quod
752 1715 780 1777 si
809 1715 964 1798 prelatus
993 1714 1111 1797 Joh'es
1139 1713 1294 1797 Arnclyii
1322 1713 1439 1799 aliqua

328 1820 509 1883 commoda
544 1826 604 1882 aut
639 1819 872 1882 emolumenta
906 1818 997 1882 dicte
1031 1818 1159 1902 capelle
1193 1818 1266 1882 siue
1301 1818 1439 1882 ecclesie

328 1924 552 2007 imposterum
573 1929 783 2006 prouentura
803 1923 1004 1987 alienauerit
1024 1923 1078 1986 vel
1099 1921 1143 1987 ad
1163 1922 1312 2006 aliquem
1332 1922 1438 1987 alium

327 2049 428 2092 vsum
450 2034 563 2112 preter
585 2034 624 2091 vt
646 2028 816 2112 prefertur
843 2027 888 2091 ad
917 2027 1208 2091 sustentacionem
1237 2032 1272 2090 et
1303 2047 1438 2110 repara-

327 2132 460 2195 cionem
495 2132 646 2216 predicte
681 2131 816 2215 Capelle
851 2132 923 2195 siue
958 2131 1105 2207 ecclesie,
1143 2137 1436 2206 ornamentorum,

328 2236 599 2319 Capelianorum,
629 2242 663 2299 et
692 2236 837 2300 aliorum
865 2236 1132 2300 necessariorum
1161 2235 1324 2311 eiusdem,
1355 2242 1440 2299 tunc

328 2340 392 2404 boc
417 2361 554 2424 presens
578 2341 744 2423 scriptum
769 2347 886 2404 nostre
910 2340 1136 2404 concessionis
1161 2339 1287 2404 nullius
1312 2340 1439 2424 vigoris

328 2444 465 2509 existat.
514 2445 554 2508 ln
591 2466 618 2508 c.
658 2465 682 2508 r.
723 2451 747 2509 t,
787 2452 860 2508 tarn
897 2444 1044 2529 sigillum
1081 2464 1263 2508 commune
1300 2444 1438 2508 ecclesie

328 2549 510 2633 Collegiate
550 2548 723 2613 antedicte
761 2569 868 2633 quam
906 2548 1054 2633 sigillum
1093 2548 1176 2613 dicti
1216 2548 1287 2612 d’ni
1327 2548 1438 2631 Joh’is

327 2652 482 2735 Amclytt
506 2652 678 2737 Capellani
703 2653 902 2717 alternatim
926 2652 1142 2737 presentibus
1166 2658 1248 2717 sunt
1273 2674 1436 2737 appensa.

328 2758 408 2822 Dat,
434 2758 596 2821 vicesimo
619 2763 744 2821 octauo
768 2757 823 2820 die
847 2757 1039 2833 Decembr.‚
1065 2758 1166 2821 Anno
1191 2757 1271 2821 D’ni
1296 2757 1439 2821 Mill’mo

328 2861 665 2948 quadringentesimo
683 2863 895 2948 sexagesimo
914 2863 1035 2947 prim0.

331 3056 417 3137 (301)
444 3055 620 3118 Licaucm
643 3071 824 3118 concessa
847 3053 947 3136 Jon’i
972 3054 1117 3117 CAanR
1141 3071 1190 3118 na
1213 3053 1343 3119 Rrpou'
1368 3072 1438 3118 Pan

372 3175 661 3222 ercammarum
683 3176 731 3221 oe
750 3159 876 3222 Trione
896 3175 945 3221 Ar>
966 3174 1176 3223 aorrrcauo.
1199 3174 1294 3223 uuas
1314 3177 1438 3224 nouos

372 3279 487 3327 surim
511 3280 644 3327 munim
669 3278 821 3326 caurum
847 3280 944 3327 meri
970 3278 1234 3343 PnraENDAmJ.

416 3417 532 3482 Sciant
547 3423 720 3502 presentes
734 3424 768 3481 et
783 3418 891 3482 futuri
905 3417 999 3501 quod
1013 3439 1075 3502 ego
1090 3418 1265 3501 Johannes
1279 3419 1435 3495 Sendale,

327 3522 511 3586 canonicus
526 3522 604 3585 eccl.
622 3521 703 3586 Coll.
721 3522 814 3585 beati
830 3521 977 3586 Wiliridi
994 3523 1119 3606 Ripon'
1136 3544 1177 3586 ac
1191 3522 1437 3606 prebendarius

327 3626 498 3709 prebende
516 3626 558 3689 de
576 3626 692 3709 Thorp
710 3626 744 3690 in
763 3627 894 3701 eadem,
913 3627 1062 3690 concessi
1079 3627 1162 3692 eth.
1181 3648 1213 3711 p.
1232 3649 1260 3692 c.
1280 3648 1325 3692 m.
1344 3629 1433 3693 conf.

326 3751 388 3814 pro
403 3751 457 3794 me
472 3735 507 3794 et
521 3730 771 3795 successoribus
786 3731 880 3806 meis,
897 3736 1069 3814 quantum
1084 3731 1118 3794 in
1134 3751 1189 3795 me
1204 3737 1266 3807 est,
1283 3731 1434 3814 Johanni

327 3835 444 3899 Carter
470 3835 512 3898 de
539 3834 663 3919 Ripon'
691 3835 856 3918 predicta,
884 3841 919 3898 et
945 3834 1126 3919 assignatis
1151 3835 1231 3911 suis,
1258 3836 1436 3901 licenciam

327 3938 546 4003 construendi
568 3944 602 4002 et
623 3938 803 4002 edificandi
824 3939 1014 4022 quamdam
1035 3939 1177 4003 domum
1197 3939 1288 4004 inter
1308 3962 1436 4024 aquam

327 4044 368 4107 de
395 4042 484 4107 Skell
510 4048 544 4106 et
569 4042 750 4127 gardinum
775 4043 947 4127 prebende
972 4064 1046 4107 mee
1071 4043 1234 4127 predicte,
1261 4065 1302 4109 ac
1327 4045 1435 4110 eciam

326 4167 431 4211 vnam
456 4146 646 4230 porcoriam
671 4146 798 4210 ibidem
823 4147 858 4211 in
882 4154 917 4211 et
942 4148 983 4211 de
1008 4147 1117 4211 fundo
1141 4168 1218 4212 meo
1242 4148 1334 4212 dicte
1359 4170 1435 4214 mee

326 4251 497 4335 prebende
531 4251 734 4334 pertinente,
770 4271 874 4335 supra
909 4272 1046 4316 murum
1079 4251 1255 4335 lapideum
1289 4253 1434 4337 predicti

324 4354 457 4440 gardini
479 4354 566 4430 mei;
610 4355 665 4418 Ita
685 4355 779 4439 quod
801 4376 864 4419 nec
885 4376 946 4439 ego
969 4355 1081 4420 dictus
1103 4356 1181 4438 Joh.
1207 4357 1350 4421 Sendale
1372 4379 1435 4423 nec

323 4479 531 4524 successores
564 4459 638 4522 mei'
664 4459 796 4523 dictum
829 4459 967 4542 Joh'em
1001 4460 1120 4524 Carter
1151 4460 1205 4523 vel
1240 4461 1435 4546 assignatos

130 4562 291 4678 ξοῖξιὶῑέᾬῗε
323 4585 402 4628 suos
421 4584 483 4647 pro
502 4563 697 4627 huiusmodi
716 4563 974 4628 construccione
994 4571 1055 4628 aut
1075 4585 1163 4648 aque
1182 4564 1372 4630 stillacione
1391 4566 1434 4632 de

108 4699 194 4744 tutum
204 4697 308 4746 ecclesie
323 4668 482 4732 domibus
511 4666 673 4751 predictis
702 4688 804 4752 super
832 4668 944 4732 solum
974 4669 1146 4753 prebende
1176 4689 1250 4733 mee
1279 4670 1434 4754 predicte

321 4773 523 4858 inquietare,
544 4792 680 4848 vexare,
702 4793 762 4837 seu
782 4773 996 4858 implacitare
1016 4773 1124 4839 debeo
1143 4794 1204 4840 seu
1224 4774 1375 4841 debeant
1396 4776 1430 4842 in
