3392 5650
151 1068 229 1117 After
246 1080 274 1127 13

129 1135 205 1199 July,
224 1148 297 1195 1272.

325 736 368 798 90
617 718 696 782 Tne
721 718 876 783 [nonar
901 720 1147 785 Manoscnrrr.

324 918 375 981 43·
711 910 798 993 (139)
825 911 882 975 Dr
907 927 1045 976 rouen.

412 1075 513 1138 Omn.
541 1073 632 1138 hom.
660 1074 704 1138 ad
731 1095 818 1158 quos
843 1095 892 1159 pr.
916 1096 978 1141 scr.
1003 1076 1206 1159 peruenerit,
1230 1076 1339 1141 Alicia
1363 1063 1431 1160 que

325 1176 390 1242 tuit
406 1198 493 1241 vxor
508 1177 609 1241 Will'i
627 1178 715 1242 fabri
730 1179 772 1242 de
788 1178 935 1255 Aldfeld,
952 1201 999 1243 sa.
1018 1180 1052 1243 in
1068 1179 1159 1244 D'no
1174 1180 1429 1264 sempiternam.

324 1279 412 1345 Nou.
438 1302 493 1345 me
517 1282 551 1345 in
574 1283 712 1365 propria
735 1282 907 1347 viduitate
931 1304 1007 1347 mea
1030 1289 1065 1347 et
1089 1283 1124 1348 in
1147 1284 1235 1369 ligea
1257 1290 1431 1367 potestate

323 1405 400 1448 mea
425 1386 638 1461 concessisse,
667 1387 893 1461 renunciasse,
921 1387 1117 1472 resignasse,
1145 1388 1331 1463 abiurasse,
1359 1388 1429 1472 qui.

322 1490 384 1554 cla.
403 1496 437 1553 et
457 1511 506 1573 pr.
527 1511 589 1555 scr.
608 1512 652 1555 m.
670 1492 759 1555 conf.
778 1491 820 1554 de
839 1512 894 1555 me
913 1497 948 1555 et
967 1492 1036 1556 her.
1058 1512 1102 1556 m.
1124 1491 1179 1556 vel
1198 1492 1321 1577 assign.
1343 1492 1431 1556 d’nis

324 1594 411 1659 Rob.
431 1595 472 1658 de
490 1595 716 1678 Almanbyry,
737 1595 809 1659 Ric.
829 1595 872 1659 de
890 1595 1032 1679 Topclif,
1053 1596 1139 1680 Rog’
1159 1596 1201 1660 de
1219 1596 1321 1671 Caue,
1342 1596 1429 1660 Rob.

322 1699 364 1763 de
393 1700 537 1774 Multon,
567 1699 680 1763 Will'o
707 1699 749 1763 de
777 1700 969 1784 Bondgate,
999 1706 1033 1763 et
1061 1699 1175 1764 Will'o
1203 1700 1297 1764 dicto
1326 1701 1429 1775 feuer,

322 1803 457 1867 vicariis
471 1803 584 1867 eccl’ie
595 1803 665 1883 ⁴S’ei
680 1802 788 1868 Wiltr.
805 1803 847 1867 de
864 1804 988 1887 Ripon’
1006 1810 1039 1867 et
1055 1824 1143 1868 succ.
1160 1824 1186 1868 s,
1203 1824 1265 1887 pro
1279 1804 1431 1888 quadam

321 1928 457 1972 summa
474 1908 616 1991 pecunie
633 1929 739 1992 quam
757 1907 841 1971 dicti
858 1907 976 1972 vicarii
993 1908 1162 1972 dederunt
1180 1907 1283 1972 michi
1301 1909 1336 1972 in
1355 1928 1431 1972 mea

321 2012 524 2075 necessitate
555 2032 614 2095 pre
645 2012 815 2086 manibus,
848 2017 963 2076 totum
995 2012 1046 2075 ius
1078 2017 1111 2075 et
1142 2012 1305 2077 clamium
1335 2011 1430 2095 quod

321 2137 476 2199 vnquam
494 2116 599 2180 habui
617 2115 672 2178 vel
690 2115 806 2199 aliquo
824 2121 978 2198 tempore
996 2116 1121 2179 habere
1139 2115 1274 2198 speraui
1292 2114 1431 2179 nomine

321 2220 412 2284 dotis
450 2219 484 2283 in
522 2226 598 2283 toto
636 2219 692 2282 illo
730 2225 928 2283 tenemento
965 2240 1044 2284 cum
1081 2218 1300 2302 pertinenciis
1338 2219 1431 2302 apud

321 2323 568 2398 NorhthouseS,
592 2322 686 2407 quod
707 2322 847 2407 quidem
870 2328 1107 2386 tenementum
1129 2322 1223 2405 pred.
1247 2322 1356 2386 Will's
1378 2322 1432 2386 vir

321 2447 417 2492 meus
437 2427 593 2491 vendidit
614 2426 791 2511 quondam
812 2426 894 2491 d'no
914 2426 1027 2491 Will’o
1047 2426 1078 2490 le
1098 2427 1239 2490 Vawsor
1259 2426 1431 2490 Canonico

322 2531 575 2617 Ripon',1hab.
599 2537 633 2594 et
655 2537 724 2594 ten.
747 2530 828 2594 eisd.
853 2531 956 2595 vicar.
981 2537 1015 2594 et
1037 2551 1126 2595 succ.
1146 2551 1172 2594 s,
1195 2529 1228 2595 li.
1251 2530 1321 2614 qui.
1344 2531 1431 2594 bene

321 2642 356 2699 et
375 2636 411 2699 in
430 2651 538 2719 pace2
557 2636 592 2700 in
612 2655 706 2719 perp.
755 2635 811 2699 Ita
827 2634 921 2719 quod
938 2655 1001 2699 nec
1017 2655 1079 2719 ego
1096 2633 1205 2699 Alicia
1225 2654 1287 2697 nec
1308 2633 1431 2718 aliquis

321 2740 434 2804 hered.
452 2760 555 2804 meor.
574 2740 628 2803 vel
644 2739 845 2824 assignator.
864 2759 926 2803 nec
942 2739 1065 2824 aliquis
1081 2758 1141 2822 per
1156 2759 1211 2802 me
1227 2738 1281 2801 vei
1297 2758 1360 2821 pro
1376 2758 1430 2801 me

321 2846 451 2930 aliquid
480 2846 532 2910 ius
560 2845 615 2909 vel
644 2845 706 2909 cla.
736 2845 771 2908 in
800 2844 894 2928 pred.
926 2851 1050 2908 tenem.
1082 2843 1220 2907 nomine
1248 2842 1340 2906 dotis
1368 2863 1430 2907 nec

321 2951 436 3035 aliquo
460 2950 563 3014 modo
587 2950 629 3013 de
653 2955 766 3013 cetero
790 2949 923 3033 exigere
946 2947 1001 3012 vel
1024 2948 1206 3011 vendicare
1229 2947 1428 3031 poterimus.

322 3055 362 3119 In
382 3077 410 3120 c.
431 3075 456 3119 r.
479 3062 503 3119 t.
525 3075 575 3138 pr.
596 3074 658 3118 scr.
680 3054 739 3137 sig.
761 3074 806 3117 rn.
828 3053 983 3137 apposui.
1032 3053 1076 3116 H.
1098 3058 1136 3127 t.,
1157 3051 1239 3116 d’no
1258 3050 1369 3116 Alano
1388 3051 1430 3115 de

320 3159 468 3234 Aldield,
489 3158 607 3234 milite,
628 3164 662 3222 et
681 3158 811 3222 ceteris.

708 3349 796 3429 (140)
824 3348 880 3411 Da
905 3364 1042 3411 ronan.

408 3518 510 3581 Omn.
539 3515 584 3579 ad
610 3535 697 3598 quos
724 3534 773 3598 pr.
803 3535 865 3578 scr.
894 3514 1098 3597 peruenerit,
1127 3514 1211 3599 Rog.
1241 3514 1352 3589 Stute,
1381 3535 1428 3578 sa.

321 3622 409 3686 Nou.
434 3642 489 3684 me
511 3620 685 3684 abiurasse
708 3618 742 3681 in
765 3618 867 3701 pleno
889 3618 1041 3702 capitulo
1066 3618 1189 3702 Ripon'
1214 3625 1248 3682 et
1271 3618 1341 3702 qui.
1366 3619 1428 3682 ela.

320 3747 383 3810 pro
406 3746 460 3790 me
485 3730 519 3788 et
543 3725 612 3788 her.
637 3743 681 3787 m.
704 3721 858 3786 Gamello
882 3722 1003 3806 pistori
1027 3729 1061 3786 et
1086 3723 1155 3786 her.
1177 3743 1215 3798 s.,
1239 3728 1355 3786 totum
1378 3721 1430 3786 ius

320 3830 414 3915 quod
436 3829 541 3893 habui
563 3828 597 3891 in
619 3828 710 3890 tofto
730 3827 825 3910 quod
846 3832 898 3890 est
920 3827 1019 3890 iuxta
1039 3827 1169 3891 toftum
1190 3826 1294 3890 Walt’
1318 3826 1431 3891 Sureis

320 3955 439 3998 versus
460 3938 575 4017 partes
597 3931 774 4006 australes,
797 3931 889 3994 vnde
910 3931 950 3994 lis
972 3936 1068 3994 mota
1090 3931 1155 3995 tuit
1178 3930 1349 3994 internos
1371 3950 1431 4014 per

320 4039 436 4103 literas
472 4037 543 4101 d'ni
580 4036 683 4121 legati
720 4035 754 4098 in
791 4035 951 4118 Capitulo
988 4035 1103 4110 Ebot,
1141 4054 1256 4098 coram
1294 4035 1431 4119 Mag'ris

321 4143 483 4208 Gadardo
515 4140 760 4225 penitenciario
792 4146 826 4202 et
859 4138 973 4202 Will'o
1005 4139 1047 4203 de
1080 4139 1225 4214 Lanum,
1258 4138 1431 4203 canonicis

322 4248 425 4311 Ebor.
473 4247 519 4309 Et
538 4251 578 4309 vt
596 4245 658 4308 hec
676 4243 745 4327 qui.
766 4243 828 4307 cla.
849 4249 926 4306 rata
945 4249 979 4306 et
998 4243 1198 4307 inconcussa
1217 4249 1429 4326 permaneat,

322 4353 386 4416 hoe
423 4351 590 4433 scriptum
628 4349 687 4432 sig.
727 4348 793 4411 mei
832 4347 1051 4430 apposieione
1089 4347 1257 4411 roboraui.
1307 4348 1350 4411 H.
1391 4353 1429 4422 t,

323 4455 452 4541 Mag’ro
471 4454 503 4536 J.
526 4453 684 4517 Romano
702 4457 737 4515 et
755 4451 886 4516 ceteris.

392 4682 400 4704 ¹
421 4676 463 4724 He
476 4675 540 4725 died
554 4674 621 4738 July
639 4686 677 4734 13,
696 4685 779 4734 ¹27²}
799 4673 883 4721 Mem.
905 4671 1033 4734 Rip.,11,
1051 4673 1107 4732 198.

391 4787 401 4810 ²
419 4781 475 4829 MS.
490 4778 540 4828 has
556 4785 570 4801 '¹
582 4777 681 4843 pane.‘'
