3392 5650
621 701 716 766 Aors
740 716 786 765 or
809 699 990 766 enarrer.
1301 714 1363 780 255

249 878 298 957 87.
349 880 437 963 (352)
464 880 672 943 Ouumacm
700 878 886 943 Cilurnum
913 897 952 944 m
981 878 1144 943 capena
1168 878 1226 943 Sc1
1251 850 1365 943 conf

295 1000 401 1047 aean
428 1000 475 1047 DE
499 983 653 1049 Nomou
678 983 849 1049 Convens
874 1000 1054 1048 rounam.

339 1146 514 1210 Omnibus
545 1139 609 1202 hoc
636 1140 803 1222 scriptum
831 1138 1051 1203 indentatum
1078 1138 1364 1222 quatripartitum
1415 1148 1518 1249 A14222‚

250 1242 373 1307 visuris
397 1243 452 1307 vel
476 1242 656 1318 audituris
681 1242 831 1307 Thomas
855 1242 966 1317 Hode,
992 1262 1138 1325 persona
1161 1242 1298 1306 ecclesie
1322 1241 1364 1305 de
1389 1216 1568 1341 Thssglgeg'or

251 1345 356 1410 Wath
396 1348 495 1411 iuxta
535 1347 672 1430 Ripon’‚
714 1348 869 1431 Rogerus
909 1347 1041 1421 Crome‚
1083 1346 1200 1429 Joh’es
1239 1346 1507 1430 Pygotorwath
1524 1360 1579 1408 and

252 1450 426 1515 Robertus
450 1451 631 1536 Percyvall
654 1458 689 1515 et
714 1451 883 1515 Ricardus
908 1450 1078 1523 Welsden,
1097 1470 1157 1534 per
1177 1450 1364 1514 Ricardum
1425 1427 1527 1483 others,

251 1555 396 1629 Norton,
424 1575 534 1638 nuper
571 1556 755 1638 capitalem
793 1555 1032 1638 Justiciarium
1071 1554 1142 1618 d’ni
1182 1554 1285 1637 Regis
1323 1554 1365 1617 de

251 1660 426 1723 communi
455 1660 582 1733 Banco,
609 1660 676 1723 iam
701 1659 905 1724 defunctum
929 1660 964 1723 in
988 1660 1140 1723 manerio
1165 1659 1207 1722 de
1231 1658 1365 1723 Norton

251 1762 412 1846 Conyers,
435 1784 514 1827 cum
536 1764 696 1827 omnibus
718 1769 752 1826 et
773 1763 915 1847 singulis
936 1764 1006 1827 suis
1028 1763 1248 1846 pertinenciis
1270 1784 1310 1827 ac
1331 1763 1365 1827 in

251 1868 411 1931 omnibus
435 1867 512 1950 alijs
536 1867 645 1942 terris,
671 1868 889 1943 tenementis,
916 1867 1117 1954 redditibus,
1143 1874 1177 1931 et
1201 1868 1364 1951 seruicijs,

250 1993 329 2035 cum
369 1973 439 2035 suis
480 1972 702 2056 pertinencijs
743 1992 812 2055 que
853 1972 991 2036 fuerunt
1032 1972 1185 2036 eiusdem
1211 1972 1366 2036 Ricardi

251 2076 386 2141 Norton
418 2077 452 2140 in
483 2076 566 2140 villa
590 2077 632 2140 de
656 2076 791 2140 Norton
815 2076 966 2159 Conyers
989 2076 1189 2159 supradicta
1220 2076 1363 2146 feoflati,

249 2180 397 2244 salutem
409 2181 444 2244 in
456 2182 606 2245 Domino
617 2181 873 2264 sempiternam.
922 2180 1045 2245 Sciatis
1056 2201 1118 2245 nos
1129 2201 1171 2243 ex
1182 2181 1364 2245 voluntate
1385 2180 1526 2291 ffiffsufflsst
1537 2181 1570 2293 lg

250 2291 285 2348 et
311 2285 529 2349 ordinacione
555 2286 700 2369 predicti
727 2285 815 2349 Ric'i
842 2284 978 2349 Norton
1004 2305 1065 2368 per
1090 2285 1202 2367 ipsum
1228 2285 1263 2349 in
1288 2285 1363 2349 vita
1389 2258 1567 2359 inlelltliorllr

251 2410 313 2453 sua
336 2390 435 2454 nobis
458 2391 572 2473 sepius
595 2390 787 2464 declaratis,
806 2395 840 2452 et
858 2389 1014 2453 similiter
1036 2390 1071 2454 in
1094 2395 1305 2454 testamento
1328 2396 1363 2453 et
1388 2376 1567 2493 Νξϊίξξξῑὲθ

249 2494 373 2558 vltima
393 2494 576 2558 voluntate
597 2494 750 2558 eiusdem
772 2494 860 2557 Ric'i
882 2493 1016 2557 Norton
1038 2494 1171 2577 plenius
1191 2495 1363 2558 contentis
1377 2512 1483 2587 ceased,
1494 2484 1549 2559 and
1563 2527 1580 2559 a

250 2604 285 2661 et
298 2599 514 2682 expressatis,
528 2600 703 2663 mediante
716 2598 857 2662 licencia
870 2598 1089 2662 illustrissimi
1102 2604 1136 2661 et
1153 2599 1362 2662 excellentis·
1378 2578 1453 2639 royai
1467 2578 1578 2636 ¹¹⁶⁶³¹¹⁶⁸’

250 2702 327 2766 simi
354 2703 389 2765 in
418 2702 498 2786 Xpo
522 2703 689 2785 Principis
715 2703 855 2766 Henrici
879 2703 943 2766 Dei
966 2703 1081 2787 gracia
1104 2702 1207 2787 Regis
1230 2703 1361 2787 Anglie‚

252 2807 386 2871 heredis
408 2814 443 2872 et
464 2807 613 2892 regentis
634 2808 729 2892 regni
751 2806 894 2871 Francie
916 2813 951 2871 et
973 2807 1045 2871 d’ni
1069 2807 1232 2871 Hibemie
1254 2809 1367 2892 quinti

253 2918 332 2995 post
353 2918 590 2996 conquestum,
611 2933 672 2996 per
687 2913 825 2976 literas1
845 2933 925 2976 suas
944 2918 1103 2996 patentes
1119 2932 1267 2996 quarum
1283 2913 1367 2978 data

254 3023 306 3080 est
327 3017 421 3100 apud
443 3017 578 3081 Douorr
599 3022 724 3080 octauo
746 3016 800 3079 die
822 3015 931 3099 Junij,
955 3016 1048 3100 regni
1069 3016 1121 3080 sui
1142 3037 1244 3092 n0n0,
1267 3019 1366 3083 nobis

254 3122 289 3184 in
314 3122 379 3185 hac
403 3127 501 3205 parte
526 3141 696 3196 concessa,
722 3141 855 3185 necnon
880 3120 922 3183 de
947 3121 1087 3184 licencia
1113 3120 1305 3186 Reuerendi
1330 3124 1365 3187 in
1397 3144 1455 3192 also
1467 3158 1520 3192 one
1533 3146 1562 3194 or

255 3226 335 3310 Xpo
354 3226 463 3310 patris
482 3232 516 3288 et
535 3225 605 3288 d'ni
626 3225 697 3290 d’ni
722 3225 852 3289 Thome
876 3225 940 3288 Dei
963 3225 1077 3309 gracia
1101 3226 1259 3290 Dunelm.
1286 3227 1365 3311 Ep'i
1379 3210 1430 3274 BP·
1445 3210 1578 3277 langley,

253 3330 442 3415 supradicti
473 3329 614 3413 manerii
633 3330 806 3413 ,capitalis
836 3329 908 3396 d'ni
938 3330 1129 3394 immediati
1159 3351 1219 3414 per
1247 3332 1364 3396 literas

252 3455 331 3498 suas
356 3441 516 3518 patentes
540 3435 639 3498 nobis
664 3434 820 3498 similiter
843 3454 1014 3510 concessa,
1040 3456 1146 3499 vnam
1171 3437 1363 3500 cantariam
1419 3449 1537 3526 rounda

251 3545 455 3622 perpetuam
479 3540 514 3602 in
539 3539 670 3622 capella
695 3538 761 3603 S’ci
786 3538 968 3602 Cuthberti
992 3538 1028 3603 in
1053 3539 1135 3603 villa
1160 3540 1202 3604 de
1227 3540 1363 3605 Norton
1376 3515 1578 3646 tfflnffsseffif

251 3642 401 3726 Conyers
428 3642 570 3725 predict.
600 3643 635 3706 in
662 3643 790 3707 honore
818 3643 884 3706 S’ci
912 3642 1104 3719 Cuthberti,
1133 3643 1292 3708 videlicet
1320 3646 1362 3710 de
1384 3649 1571 3725 seeuthbert

251 3767 321 3810 vno
343 3746 526 3830 Capellano
548 3746 666 3811 divina
679 3747 827 3831 ‘singulis
848 3747 969 3810 diebus
991 3748 1026 3811 in
1048 3746 1186 3831 Capella
1207 3749 1362 3832 predicta
1403 3716 1553 3845 Ῑὲοῗξζξὲῃ

252 3870 315 3933 pro
334 3850 462 3914 salubri
482 3856 578 3914 statu
598 3850 681 3914 dicti
702 3850 774 3915 d'ni
795 3850 897 3934 Regis
917 3872 957 3915 ac
976 3851 1120 3935 predicti
1137 3852 1309 3937 Episcopi,
1327 3860 1362 3918 et

253 3954 341 4017 Ric'i
370 3954 428 4036 filij
461 3960 496 4017 et
525 3953 657 4018 heredis
687 3954 832 4036 predicti
863 3954 950 4018 Ric’i
980 3954 1114 4019 Norton
1137 3956 1301 4032 defuncti,
1328 3965 1362 4022 et
1384 3954 1572 4030 fortuesouls

252 4058 397 4122 aliorum
424 4057 609 4121 liberorum
637 4057 789 4121 eiusdem
817 4057 905 4122 Ric'i
934 4058 1068 4154 Norton
1096 4060 1251 4125 defuncti
1279 4062 1362 4126 dum
1389 4020 1566 4136 filfflffi

252 4162 403 4226 vixerint
425 4167 459 4225 et
482 4162 663 4226 animabus
685 4162 754 4225 suis
776 4183 855 4226 cum
879 4163 923 4226 ab
945 4163 1010 4227 hac
1031 4164 1105 4228 luce
1127 4165 1361 4249 migrauerint,
1424 4155 1526 4211 others,

253 4272 287 4330 et
307 4286 369 4349 pro
390 4265 571 4330 animabus
591 4266 735 4349 predicti
756 4265 844 4330 Ric'i
862 4265 996 4331 Norton
1013 4267 1178 4344 defuncti,
1199 4270 1363 4335 Katerine

252 4390 362 4454 nuper
399 4369 516 4433 vxoris
554 4390 624 4445 sue,
665 4370 785 4453 patriS,
825 4371 957 4446 matris
998 4371 1156 4448 fratrum,
1196 4394 1363 4452 sororum,

254 4480 449 4558 parentum,
483 4474 682 4549 amicorum,
715 4480 750 4537 et
781 4474 936 4539 omnium
968 4476 1228 4542 benefactorum
1259 4478 1366 4563 ipsius

253 4580 342 4643 Ric'i
363 4578 498 4642 Norton
518 4578 673 4642 defuncti
692 4579 948 4662 imperpetuum
967 4580 1191 4659 celebraturo,
1213 4582 1255 4646 de
1274 4604 1366 4648 nouo

325 4795 333 4816 ¹
352 4788 409 4838 MS.
424 4788 474 4836 has
490 4794 504 4809 '¹
516 4788 639 4850 pluras.''
