<?xml version="1.0" encoding="UTF-8"?>
<!DOCTYPE html PUBLIC "-//W3C//DTD XHTML 1.0 Transitional//EN"
    "http://www.w3.org/TR/xhtml1/DTD/xhtml1-transitional.dtd">
<html xmlns="http://www.w3.org/1999/xhtml" xml:lang="en" lang="en">
 <head>
  <title>
</title>
<meta http-equiv="Content-Type" content="text/html;charset=utf-8" />
  <meta name='ocr-system' content='tesseract 3.04.00' />
  <meta name='ocr-capabilities' content='ocr_page ocr_carea ocr_par ocr_line ocrx_word'/>
</head>
<body>
  <div class='ocr_page' id='page_1' title='image "./memorialschurch01fowlgoog_0209.png"; bbox 0 0 3392 5650; ppageno 0'>
   <div class='ocr_carea' id='block_1_1' title="bbox 630 694 1366 781">
    <p class='ocr_par' dir='ltr' id='par_1_1' title="bbox 630 694 1366 781">
     <span class='ocr_line' id='line_1_1' title="bbox 630 694 1366 781; baseline -0.004 -16"><span class='ocrx_word' id='word_1_1' title='bbox 630 698 724 765; x_wconf 83' lang='lat' dir='ltr'>Acrs</span> <span class='ocrx_word' id='word_1_2' title='bbox 748 718 793 765; x_wconf 78' lang='lat' dir='ltr'>or</span> <span class='ocrx_word' id='word_1_3' title='bbox 816 697 995 765; x_wconf 71' lang='lat' dir='ltr'>Cunerun.</span> <span class='ocrx_word' id='word_1_4' title='bbox 1305 694 1366 781; x_wconf 88' lang='lat'>167</span> 
     </span>
    </p>
   </div>
   <div class='ocr_carea' id='block_1_2' title="bbox 263 880 1365 1064">
    <p class='ocr_par' dir='ltr' id='par_1_2' title="bbox 263 880 1365 1064">
     <span class='ocr_line' id='line_1_2' title="bbox 263 880 1365 962; baseline -0.003 -18"><span class='ocrx_word' id='word_1_5' title='bbox 263 882 349 962; x_wconf 85' lang='lat'>(250)</span> <span class='ocrx_word' id='word_1_6' title='bbox 391 880 501 944; x_wconf 73' lang='lat' dir='ltr'>Corin</span> <span class='ocrx_word' id='word_1_7' title='bbox 539 896 764 944; x_wconf 75' lang='lat' dir='ltr'>rusrnuuun</span> <span class='ocrx_word' id='word_1_8' title='bbox 806 880 882 944; x_wconf 83' lang='lat' dir='ltr'>n’m</span> <span class='ocrx_word' id='word_1_9' title='bbox 922 880 1016 944; x_wconf 83' lang='lat' dir='ltr'>ch&#39;r</span> <span class='ocrx_word' id='word_1_10' title='bbox 1056 897 1103 943; x_wconf 80' lang='lat' dir='ltr'>nu</span> <span class='ocrx_word' id='word_1_11' title='bbox 1141 880 1365 952; x_wconf 75' lang='lat' dir='ltr'>Wnueruin,</span> 
     </span>
     <span class='ocr_line' id='line_1_3' title="bbox 303 984 1092 1064; baseline 0.001 -16"><span class='ocrx_word' id='word_1_12' title='bbox 303 1002 482 1061; x_wconf 74' lang='lat' dir='ltr'>uuonunn</span> <span class='ocrx_word' id='word_1_13' title='bbox 505 1001 644 1064; x_wconf 77' lang='lat' dir='ltr'>vienni]</span> <span class='ocrx_word' id='word_1_14' title='bbox 669 1001 865 1048; x_wconf 75' lang='lat' dir='ltr'>Pnuuuuuu</span> <span class='ocrx_word' id='word_1_15' title='bbox 888 1001 936 1048; x_wconf 78' lang='lat' dir='ltr'>uu</span> <span class='ocrx_word' id='word_1_16' title='bbox 957 984 1092 1049; x_wconf 61' lang='lat' dir='ltr'>Tironi).</span> 
     </span>
    </p>
   </div>
   <div class='ocr_carea' id='block_1_3' title="bbox 259 1138 1370 3935">
    <p class='ocr_par' dir='ltr' id='par_1_3' title="bbox 259 1138 1370 3935">
     <span class='ocr_line' id='line_1_4' title="bbox 348 1138 1365 1222; baseline -0.003 -19"><span class='ocrx_word' id='word_1_17' title='bbox 348 1140 387 1204; x_wconf 91' lang='lat' dir='ltr'>ln</span> <span class='ocrx_word' id='word_1_18' title='bbox 420 1140 483 1203; x_wconf 85' lang='lat' dir='ltr'>Dei</span> <span class='ocrx_word' id='word_1_19' title='bbox 514 1139 662 1214; x_wconf 87' lang='lat' dir='ltr'>nomine,</span> <span class='ocrx_word' id='word_1_20' title='bbox 695 1139 815 1204; x_wconf 85' lang='lat' dir='ltr'>Amen.</span> <span class='ocrx_word' id='word_1_21' title='bbox 864 1140 928 1203; x_wconf 92' lang='lat' dir='ltr'>Die</span> <span class='ocrx_word' id='word_1_22' title='bbox 960 1139 1114 1222; x_wconf 85' lang='lat' dir='ltr'>Mercurij</span> <span class='ocrx_word' id='word_1_23' title='bbox 1150 1139 1184 1202; x_wconf 93' lang='lat' dir='ltr'>in</span> <span class='ocrx_word' id='word_1_24' title='bbox 1216 1138 1365 1203; x_wconf 91' lang='lat' dir='ltr'>crastino</span> 
     </span>
     <span class='ocr_line' id='line_1_5' title="bbox 259 1242 1366 1328; baseline -0.002 -22"><span class='ocrx_word' id='word_1_25' title='bbox 259 1244 547 1308; x_wconf 87' lang='lat' dir='ltr'>Annunciacionis</span> <span class='ocrx_word' id='word_1_26' title='bbox 574 1244 673 1307; x_wconf 86' lang='lat' dir='ltr'>beate</span> <span class='ocrx_word' id='word_1_27' title='bbox 700 1243 805 1307; x_wconf 90' lang='lat' dir='ltr'>Marie</span> <span class='ocrx_word' id='word_1_28' title='bbox 830 1244 988 1328; x_wconf 85' lang='lat' dir='ltr'>Virginis,</span> <span class='ocrx_word' id='word_1_29' title='bbox 1015 1244 1116 1307; x_wconf 91' lang='lat' dir='ltr'>Anno</span> <span class='ocrx_word' id='word_1_30' title='bbox 1142 1242 1222 1306; x_wconf 86' lang='lat' dir='ltr'>D&#39;ni</span> <span class='ocrx_word' id='word_1_31' title='bbox 1249 1242 1366 1305; x_wconf 89' lang='lat' dir='ltr'>Mill&#39;io</span> 
     </span>
     <span class='ocr_line' id='line_1_6' title="bbox 259 1346 1367 1432; baseline -0.003 -20"><span class='ocrx_word' id='word_1_32' title='bbox 259 1358 354 1412; x_wconf 78' lang='lat' dir='ltr'>cccmo</span> <span class='ocrx_word' id='word_1_33' title='bbox 370 1348 401 1411; x_wconf 95' lang='lat' dir='ltr'>N</span> <span class='ocrx_word' id='word_1_34' title='bbox 405 1348 601 1431; x_wconf 86' lang='lat' dir='ltr'>onogesimo</span> <span class='ocrx_word' id='word_1_35' title='bbox 617 1369 719 1424; x_wconf 85' lang='lat' dir='ltr'>nonu,</span> <span class='ocrx_word' id='word_1_36' title='bbox 737 1348 810 1432; x_wconf 85' lang='lat' dir='ltr'>Ego</span> <span class='ocrx_word' id='word_1_37' title='bbox 825 1348 942 1412; x_wconf 91' lang='lat' dir='ltr'>Ric’us</span> <span class='ocrx_word' id='word_1_38' title='bbox 958 1347 1000 1411; x_wconf 90' lang='lat' dir='ltr'>de</span> <span class='ocrx_word' id='word_1_39' title='bbox 1013 1347 1201 1422; x_wconf 85' lang='lat' dir='ltr'>Wakeleld,</span> <span class='ocrx_word' id='word_1_40' title='bbox 1220 1346 1367 1411; x_wconf 86' lang='lat' dir='ltr'>vicarius</span> 
     </span>
     <span class='ocr_line' id='line_1_7' title="bbox 259 1451 1367 1535; baseline -0.001 -21"><span class='ocrx_word' id='word_1_41' title='bbox 259 1452 294 1515; x_wconf 90' lang='lat' dir='ltr'>in</span> <span class='ocrx_word' id='word_1_42' title='bbox 315 1452 393 1516; x_wconf 88' lang='lat' dir='ltr'>eccl.</span> <span class='ocrx_word' id='word_1_43' title='bbox 417 1452 499 1516; x_wconf 91' lang='lat' dir='ltr'>Coll.</span> <span class='ocrx_word' id='word_1_44' title='bbox 524 1452 660 1535; x_wconf 90' lang='lat' dir='ltr'>Rypon,</span> <span class='ocrx_word' id='word_1_45' title='bbox 683 1452 793 1515; x_wconf 91' lang='lat' dir='ltr'>condo</span> <span class='ocrx_word' id='word_1_46' title='bbox 815 1457 1064 1515; x_wconf 85' lang='lat' dir='ltr'>testamentum</span> <span class='ocrx_word' id='word_1_47' title='bbox 1084 1472 1200 1515; x_wconf 88' lang='lat' dir='ltr'>mcum</span> <span class='ocrx_word' id='word_1_48' title='bbox 1221 1451 1255 1515; x_wconf 92' lang='lat' dir='ltr'>in</span> <span class='ocrx_word' id='word_1_49' title='bbox 1276 1452 1367 1515; x_wconf 90' lang='lat' dir='ltr'>hunc</span> 
     </span>
     <span class='ocr_line' id='line_1_8' title="bbox 259 1555 1366 1640; baseline -0.003 -20"><span class='ocrx_word' id='word_1_50' title='bbox 259 1557 411 1621; x_wconf 92' lang='lat' dir='ltr'>modum.</span> <span class='ocrx_word' id='word_1_51' title='bbox 461 1557 642 1640; x_wconf 90' lang='lat' dir='ltr'>Inprimis,</span> <span class='ocrx_word' id='word_1_52' title='bbox 656 1556 730 1640; x_wconf 85' lang='lat' dir='ltr'>lego</span> <span class='ocrx_word' id='word_1_53' title='bbox 742 1556 894 1619; x_wconf 89' lang='lat' dir='ltr'>animam</span> <span class='ocrx_word' id='word_1_54' title='bbox 906 1576 1018 1619; x_wconf 89' lang='lat' dir='ltr'>meam</span> <span class='ocrx_word' id='word_1_55' title='bbox 1031 1556 1104 1619; x_wconf 86' lang='lat' dir='ltr'>Deo</span> <span class='ocrx_word' id='word_1_56' title='bbox 1115 1555 1366 1640; x_wconf 85' lang='lat' dir='ltr'>Omnipotenti,</span> 
     </span>
     <span class='ocr_line' id='line_1_9' title="bbox 260 1659 1368 1744; baseline -0.002 -20"><span class='ocrx_word' id='word_1_57' title='bbox 260 1668 294 1724; x_wconf 90' lang='lat' dir='ltr'>et</span> <span class='ocrx_word' id='word_1_58' title='bbox 316 1682 439 1744; x_wconf 93' lang='lat' dir='ltr'>corpus</span> <span class='ocrx_word' id='word_1_59' title='bbox 460 1681 575 1725; x_wconf 85' lang='lat' dir='ltr'>meum</span> <span class='ocrx_word' id='word_1_60' title='bbox 597 1660 641 1724; x_wconf 86' lang='lat' dir='ltr'>ad</span> <span class='ocrx_word' id='word_1_61' title='bbox 662 1660 895 1744; x_wconf 87' lang='lat' dir='ltr'>sepeliendum</span> <span class='ocrx_word' id='word_1_62' title='bbox 916 1661 951 1724; x_wconf 90' lang='lat' dir='ltr'>in</span> <span class='ocrx_word' id='word_1_63' title='bbox 973 1660 1139 1724; x_wconf 87' lang='lat' dir='ltr'>cimiterio</span> <span class='ocrx_word' id='word_1_64' title='bbox 1160 1660 1253 1724; x_wconf 84' lang='lat' dir='ltr'>beati</span> <span class='ocrx_word' id='word_1_65' title='bbox 1276 1659 1368 1723; x_wconf 84' lang='lat' dir='ltr'>Petri</span> 
     </span>
     <span class='ocr_line' id='line_1_10' title="bbox 260 1764 1368 1849; baseline 0 -22"><span class='ocrx_word' id='word_1_66' title='bbox 260 1765 294 1828; x_wconf 91' lang='lat' dir='ltr'>in</span> <span class='ocrx_word' id='word_1_67' title='bbox 313 1765 461 1848; x_wconf 78' lang='lat' dir='ltr'>Rypon’.</span> <span class='ocrx_word' id='word_1_68' title='bbox 510 1764 553 1828; x_wconf 83' lang='lat' dir='ltr'>lt&#39;</span> <span class='ocrx_word' id='word_1_69' title='bbox 571 1764 646 1849; x_wconf 85' lang='lat' dir='ltr'>lego</span> <span class='ocrx_word' id='word_1_70' title='bbox 662 1785 767 1827; x_wconf 91' lang='lat' dir='ltr'>vnam</span> <span class='ocrx_word' id='word_1_71' title='bbox 784 1770 902 1849; x_wconf 85' lang='lat' dir='ltr'>togam</span> <span class='ocrx_word' id='word_1_72' title='bbox 918 1765 1086 1848; x_wconf 81' lang='lat' dir='ltr'>optimam</span> <span class='ocrx_word' id='word_1_73' title='bbox 1102 1785 1164 1848; x_wconf 91' lang='lat' dir='ltr'>pro</span> <span class='ocrx_word' id='word_1_74' title='bbox 1180 1764 1368 1829; x_wconf 81' lang='lat' dir='ltr'>mortuario</span> 
     </span>
     <span class='ocr_line' id='line_1_11' title="bbox 260 1868 1368 1954; baseline -0.001 -21"><span class='ocrx_word' id='word_1_75' title='bbox 260 1890 346 1933; x_wconf 88' lang='lat' dir='ltr'>meo</span> <span class='ocrx_word' id='word_1_76' title='bbox 396 1870 439 1933; x_wconf 86' lang='lat' dir='ltr'>lt’</span> <span class='ocrx_word' id='word_1_77' title='bbox 469 1869 543 1954; x_wconf 87' lang='lat' dir='ltr'>lego</span> <span class='ocrx_word' id='word_1_78' title='bbox 572 1891 595 1932; x_wconf 93' lang='lat' dir='ltr'>v</span> <span class='ocrx_word' id='word_1_79' title='bbox 623 1869 680 1932; x_wconf 95' lang='lat' dir='ltr'>lib.</span> <span class='ocrx_word' id='word_1_80' title='bbox 711 1889 785 1932; x_wconf 90' lang='lat' dir='ltr'>cere</span> <span class='ocrx_word' id='word_1_81' title='bbox 814 1868 954 1933; x_wconf 89' lang='lat' dir='ltr'>ardend.</span> <span class='ocrx_word' id='word_1_82' title='bbox 985 1869 1074 1933; x_wconf 90' lang='lat' dir='ltr'>circa</span> <span class='ocrx_word' id='word_1_83' title='bbox 1102 1890 1224 1953; x_wconf 88' lang='lat' dir='ltr'>corpus</span> <span class='ocrx_word' id='word_1_84' title='bbox 1253 1889 1368 1933; x_wconf 89' lang='lat' dir='ltr'>meum</span> 
     </span>
     <span class='ocr_line' id='line_1_12' title="bbox 260 1973 1367 2058; baseline 0 -21"><span class='ocrx_word' id='word_1_85' title='bbox 260 1980 360 2038; x_wconf 86' lang='lat' dir='ltr'>nocte</span> <span class='ocrx_word' id='word_1_86' title='bbox 377 1981 412 2037; x_wconf 90' lang='lat' dir='ltr'>et</span> <span class='ocrx_word' id='word_1_87' title='bbox 429 1973 483 2038; x_wconf 88' lang='lat' dir='ltr'>die</span> <span class='ocrx_word' id='word_1_88' title='bbox 499 1973 674 2057; x_wconf 88' lang='lat' dir='ltr'>sepulture</span> <span class='ocrx_word' id='word_1_89' title='bbox 690 1994 774 2037; x_wconf 90' lang='lat' dir='ltr'>mee.</span> <span class='ocrx_word' id='word_1_90' title='bbox 824 1973 868 2037; x_wconf 87' lang='lat' dir='ltr'>lt&#39;</span> <span class='ocrx_word' id='word_1_91' title='bbox 886 1973 960 2058; x_wconf 84' lang='lat' dir='ltr'>lego</span> <span class='ocrx_word' id='word_1_92' title='bbox 977 1973 1058 2037; x_wconf 89' lang='lat' dir='ltr'>d’no</span> <span class='ocrx_word' id='word_1_93' title='bbox 1074 1974 1168 2056; x_wconf 89' lang='lat' dir='ltr'>Joh&#39;i</span> <span class='ocrx_word' id='word_1_94' title='bbox 1184 1973 1227 2037; x_wconf 87' lang='lat' dir='ltr'>de</span> <span class='ocrx_word' id='word_1_95' title='bbox 1245 1974 1367 2056; x_wconf 86' lang='lat' dir='ltr'>Klynt,</span> 
     </span>
     <span class='ocr_line' id='line_1_13' title="bbox 261 2077 1368 2162; baseline -0.002 -20"><span class='ocrx_word' id='word_1_96' title='bbox 261 2078 341 2142; x_wconf 79' lang='lat' dir='ltr'>d’no</span> <span class='ocrx_word' id='word_1_97' title='bbox 369 2077 462 2160; x_wconf 79' lang='lat' dir='ltr'>Joh’i</span> <span class='ocrx_word' id='word_1_98' title='bbox 491 2078 701 2162; x_wconf 85' lang='lat' dir='ltr'>Bondegate,</span> <span class='ocrx_word' id='word_1_99' title='bbox 730 2078 811 2141; x_wconf 92' lang='lat' dir='ltr'>d&#39;no</span> <span class='ocrx_word' id='word_1_100' title='bbox 839 2077 933 2159; x_wconf 79' lang='lat' dir='ltr'>Joh’i</span> <span class='ocrx_word' id='word_1_101' title='bbox 962 2077 1038 2160; x_wconf 88' lang='lat' dir='ltr'>Ely,</span> <span class='ocrx_word' id='word_1_102' title='bbox 1067 2083 1102 2141; x_wconf 88' lang='lat' dir='ltr'>et</span> <span class='ocrx_word' id='word_1_103' title='bbox 1130 2078 1210 2142; x_wconf 90' lang='lat' dir='ltr'>d&#39;no</span> <span class='ocrx_word' id='word_1_104' title='bbox 1239 2078 1368 2141; x_wconf 82' lang='lat' dir='ltr'>Rob’to</span> 
     </span>
     <span class='ocr_line' id='line_1_14' title="bbox 261 2181 1364 2267; baseline 0 -23"><span class='ocrx_word' id='word_1_105' title='bbox 261 2183 398 2257; x_wconf 89' lang='lat' dir='ltr'>Merrot,</span> <span class='ocrx_word' id='word_1_106' title='bbox 417 2182 556 2247; x_wconf 84' lang='lat' dir='ltr'>cuilibet</span> <span class='ocrx_word' id='word_1_107' title='bbox 574 2202 692 2245; x_wconf 88' lang='lat' dir='ltr'>eorum</span> <span class='ocrx_word' id='word_1_108' title='bbox 710 2202 818 2245; x_wconf 92' lang='lat' dir='ltr'>vnum</span> <span class='ocrx_word' id='word_1_109' title='bbox 835 2181 979 2245; x_wconf 91' lang='lat' dir='ltr'>cocliare</span> <span class='ocrx_word' id='word_1_110' title='bbox 997 2188 1127 2266; x_wconf 78' lang='lat' dir='ltr'><strong>argent.</strong></span> <span class='ocrx_word' id='word_1_111' title='bbox 1177 2182 1220 2246; x_wconf 86' lang='lat' dir='ltr'>lt&#39;</span> <span class='ocrx_word' id='word_1_112' title='bbox 1239 2182 1313 2267; x_wconf 84' lang='lat' dir='ltr'>lego</span> <span class='ocrx_word' id='word_1_113' title='bbox 1331 2181 1364 2264; x_wconf 85' lang='lat' dir='ltr'>vj</span> 
     </span>
     <span class='ocr_line' id='line_1_15' title="bbox 260 2285 1366 2370; baseline -0.001 -20"><span class='ocrx_word' id='word_1_114' title='bbox 260 2286 422 2362; x_wconf 89' lang='lat' dir='ltr'>diaconis,</span> <span class='ocrx_word' id='word_1_115' title='bbox 436 2286 498 2369; x_wconf 57' lang='lat' dir='ltr'>&lt;ijs</span> <span class='ocrx_word' id='word_1_116' title='bbox 548 2286 592 2349; x_wconf 86' lang='lat' dir='ltr'>lt’</span> <span class='ocrx_word' id='word_1_117' title='bbox 615 2286 690 2370; x_wconf 84' lang='lat' dir='ltr'>lego</span> <span class='ocrx_word' id='word_1_118' title='bbox 712 2285 746 2368; x_wconf 86' lang='lat' dir='ltr'>vj</span> <span class='ocrx_word' id='word_1_119' title='bbox 772 2285 985 2368; x_wconf 89' lang='lat' dir='ltr'>turibularijs</span> <span class='ocrx_word' id='word_1_120' title='bbox 1007 2292 1042 2350; x_wconf 88' lang='lat' dir='ltr'>et</span> <span class='ocrx_word' id='word_1_121' title='bbox 1064 2285 1098 2369; x_wconf 83' lang='lat' dir='ltr'>vj</span> <span class='ocrx_word' id='word_1_122' title='bbox 1124 2285 1291 2361; x_wconf 86' lang='lat' dir='ltr'>choristis,</span> <span class='ocrx_word' id='word_1_123' title='bbox 1314 2285 1366 2369; x_wconf 79' lang='lat' dir='ltr'>ijs.</span> 
     </span>
     <span class='ocr_line' id='line_1_16' title="bbox 262 2389 1370 2478; baseline 0 -25"><span class='ocrx_word' id='word_1_124' title='bbox 262 2391 304 2454; x_wconf 87' lang='lat' dir='ltr'>lt’</span> <span class='ocrx_word' id='word_1_125' title='bbox 332 2391 406 2475; x_wconf 84' lang='lat' dir='ltr'>lego</span> <span class='ocrx_word' id='word_1_126' title='bbox 431 2391 532 2455; x_wconf 86' lang='lat' dir='ltr'>altari</span> <span class='ocrx_word' id='word_1_127' title='bbox 558 2390 625 2454; x_wconf 83' lang='lat' dir='ltr'>S&#39;ci</span> <span class='ocrx_word' id='word_1_128' title='bbox 650 2390 761 2472; x_wconf 87' lang='lat' dir='ltr'>Joh&#39;is</span> <span class='ocrx_word' id='word_1_129' title='bbox 787 2390 956 2478; x_wconf 76' lang='lat' dir='ltr'>Baptiste,</span> <span class='ocrx_word' id='word_1_130' title='bbox 983 2389 1142 2454; x_wconf 84' lang='lat' dir='ltr'>videlicet</span> <span class='ocrx_word' id='word_1_131' title='bbox 1168 2391 1268 2455; x_wconf 87' lang='lat' dir='ltr'>altari</span> <span class='ocrx_word' id='word_1_132' title='bbox 1293 2411 1370 2455; x_wconf 89' lang='lat' dir='ltr'>meo</span> 
     </span>
     <span class='ocr_line' id='line_1_17' title="bbox 261 2492 1370 2579; baseline 0 -21"><span class='ocrx_word' id='word_1_133' title='bbox 261 2495 457 2579; x_wconf 80' lang='lat' dir='ltr'>parochiali,</span> <span class='ocrx_word' id='word_1_134' title='bbox 488 2515 597 2559; x_wconf 88' lang='lat' dir='ltr'>vnum</span> <span class='ocrx_word' id='word_1_135' title='bbox 628 2492 867 2558; x_wconf 72' lang='lat' dir='ltr'>BurdeclatheI</span> <span class='ocrx_word' id='word_1_136' title='bbox 917 2494 960 2558; x_wconf 87' lang='lat' dir='ltr'>lt&#39;</span> <span class='ocrx_word' id='word_1_137' title='bbox 992 2495 1066 2579; x_wconf 87' lang='lat' dir='ltr'>lego</span> <span class='ocrx_word' id='word_1_138' title='bbox 1097 2495 1227 2579; x_wconf 83' lang='lat' dir='ltr'>Mag’ro</span> <span class='ocrx_word' id='word_1_139' title='bbox 1256 2494 1370 2560; x_wconf 88' lang='lat' dir='ltr'>Will’o</span> 
     </span>
     <span class='ocr_line' id='line_1_18' title="bbox 261 2598 1370 2683; baseline 0 -21"><span class='ocrx_word' id='word_1_140' title='bbox 261 2599 303 2662; x_wconf 88' lang='lat' dir='ltr'>de</span> <span class='ocrx_word' id='word_1_141' title='bbox 324 2599 449 2663; x_wconf 86' lang='lat' dir='ltr'>Cawod</span> <span class='ocrx_word' id='word_1_142' title='bbox 470 2619 576 2662; x_wconf 89' lang='lat' dir='ltr'>vnam</span> <span class='ocrx_word' id='word_1_143' title='bbox 598 2618 713 2662; x_wconf 88' lang='lat' dir='ltr'>arcam</span> <span class='ocrx_word' id='word_1_144' title='bbox 735 2598 777 2661; x_wconf 94' lang='lat' dir='ltr'>de</span> <span class='ocrx_word' id='word_1_145' title='bbox 798 2599 825 2661; x_wconf 91' lang='lat' dir='ltr'>F</span> <span class='ocrx_word' id='word_1_146' title='bbox 827 2598 977 2681; x_wconf 91' lang='lat' dir='ltr'>landyrs.</span> <span class='ocrx_word' id='word_1_147' title='bbox 1028 2599 1070 2662; x_wconf 85' lang='lat' dir='ltr'>lt&#39;</span> <span class='ocrx_word' id='word_1_148' title='bbox 1094 2599 1168 2683; x_wconf 85' lang='lat' dir='ltr'>lego</span> <span class='ocrx_word' id='word_1_149' title='bbox 1189 2598 1282 2681; x_wconf 78' lang='lat' dir='ltr'>Joh’i</span> <span class='ocrx_word' id='word_1_150' title='bbox 1304 2598 1370 2681; x_wconf 91' lang='lat' dir='ltr'>Ely</span> 
     </span>
     <span class='ocr_line' id='line_1_19' title="bbox 261 2702 1370 2787; baseline 0 -21"><span class='ocrx_word' id='word_1_151' title='bbox 261 2724 366 2766; x_wconf 88' lang='lat' dir='ltr'>vnam</span> <span class='ocrx_word' id='word_1_152' title='bbox 403 2703 505 2767; x_wconf 93' lang='lat' dir='ltr'>ollam</span> <span class='ocrx_word' id='word_1_153' title='bbox 542 2702 679 2766; x_wconf 88' lang='lat' dir='ltr'>enniam</span> <span class='ocrx_word' id='word_1_154' title='bbox 715 2702 914 2766; x_wconf 89' lang='lat' dir='ltr'>maximam.</span> <span class='ocrx_word' id='word_1_155' title='bbox 964 2702 1007 2765; x_wconf 79' lang='lat' dir='ltr'>lt’</span> <span class='ocrx_word' id='word_1_156' title='bbox 1045 2702 1118 2787; x_wconf 85' lang='lat' dir='ltr'>lego</span> <span class='ocrx_word' id='word_1_157' title='bbox 1154 2702 1236 2766; x_wconf 91' lang='lat' dir='ltr'>d’no</span> <span class='ocrx_word' id='word_1_158' title='bbox 1273 2702 1370 2766; x_wconf 88' lang='lat' dir='ltr'>Ric&#39;o</span> 
     </span>
     <span class='ocr_line' id='line_1_20' title="bbox 262 2806 1370 2891; baseline -0.001 -19"><span class='ocrx_word' id='word_1_159' title='bbox 262 2806 447 2873; x_wconf 83' lang='lat' dir='ltr'>Schedwell</span> <span class='ocrx_word' id='word_1_160' title='bbox 462 2828 570 2871; x_wconf 91' lang='lat' dir='ltr'>vnum</span> <span class='ocrx_word' id='word_1_161' title='bbox 585 2806 801 2891; x_wconf 74' lang='lat' dir='ltr'>portiterium</span> <span class='ocrx_word' id='word_1_162' title='bbox 817 2806 929 2871; x_wconf 91' lang='lat' dir='ltr'>maius</span> <span class='ocrx_word' id='word_1_163' title='bbox 945 2811 979 2870; x_wconf 85' lang='lat' dir='ltr'>et</span> <span class='ocrx_word' id='word_1_164' title='bbox 995 2828 1103 2871; x_wconf 93' lang='lat' dir='ltr'>vnum</span> <span class='ocrx_word' id='word_1_165' title='bbox 1118 2807 1370 2891; x_wconf 84' lang='lat' dir='ltr'>coopertorium</span> 
     </span>
     <span class='ocr_line' id='line_1_21' title="bbox 261 2900 1370 2995; baseline 0 -19"><span class='ocrx_word' id='word_1_166' title='bbox 261 2912 340 2976; x_wconf 81' lang='lat' dir='ltr'>lecti</span> <span class='ocrx_word' id='word_1_167' title='bbox 365 2911 483 2975; x_wconf 90' lang='lat' dir='ltr'>viridis</span> <span class='ocrx_word' id='word_1_168' title='bbox 508 2910 639 2986; x_wconf 92' lang='lat' dir='ltr'>coloris,</span> <span class='ocrx_word' id='word_1_169' title='bbox 666 2917 701 2974; x_wconf 86' lang='lat' dir='ltr'>et</span> <span class='ocrx_word' id='word_1_170' title='bbox 727 2911 796 2974; x_wconf 91' lang='lat' dir='ltr'>duo</span> <span class='ocrx_word' id='word_1_171' title='bbox 821 2911 1041 2975; x_wconf 90' lang='lat' dir='ltr'>linthiamina</span> <span class='ocrx_word' id='word_1_172' title='bbox 1066 2912 1199 2995; x_wconf 83' lang='lat' dir='ltr'>optima</span> <span class='ocrx_word' id='word_1_173' title='bbox 1224 2918 1258 2975; x_wconf 89' lang='lat' dir='ltr'>et</span> <span class='ocrx_word' id='word_1_174' title='bbox 1284 2900 1370 2976; x_wconf 83' lang='lat' dir='ltr'>duas</span> 
     </span>
     <span class='ocr_line' id='line_1_22' title="bbox 261 3014 1368 3100; baseline 0 -21"><span class='ocrx_word' id='word_1_175' title='bbox 261 3017 387 3080; x_wconf 88' lang='lat' dir='ltr'>lodices</span> <span class='ocrx_word' id='word_1_176' title='bbox 399 3021 434 3079; x_wconf 87' lang='lat' dir='ltr'>et</span> <span class='ocrx_word' id='word_1_177' title='bbox 446 3015 456 3098; x_wconf 86' lang='lat' dir='ltr'>j</span> <span class='ocrx_word' id='word_1_178' title='bbox 473 3021 623 3079; x_wconf 86' lang='lat' dir='ltr'>materas</span> <span class='ocrx_word' id='word_1_179' title='bbox 636 3021 670 3078; x_wconf 87' lang='lat' dir='ltr'>et</span> <span class='ocrx_word' id='word_1_180' title='bbox 683 3014 692 3097; x_wconf 83' lang='lat' dir='ltr'>j</span> <span class='ocrx_word' id='word_1_181' title='bbox 710 3015 842 3078; x_wconf 82' lang='lat' dir='ltr'>cistam.</span> <span class='ocrx_word' id='word_1_182' title='bbox 893 3014 935 3078; x_wconf 86' lang='lat' dir='ltr'>lt&#39;</span> <span class='ocrx_word' id='word_1_183' title='bbox 950 3015 1025 3100; x_wconf 87' lang='lat' dir='ltr'>lego</span> <span class='ocrx_word' id='word_1_184' title='bbox 1038 3015 1131 3097; x_wconf 90' lang='lat' dir='ltr'>Joh&#39;i</span> <span class='ocrx_word' id='word_1_185' title='bbox 1144 3015 1368 3098; x_wconf 86' lang='lat' dir='ltr'>Whytbrede,</span> 
     </span>
     <span class='ocr_line' id='line_1_23' title="bbox 261 3119 1368 3204; baseline 0 -20"><span class='ocrx_word' id='word_1_186' title='bbox 261 3142 359 3186; x_wconf 87' lang='lat' dir='ltr'>seruo</span> <span class='ocrx_word' id='word_1_187' title='bbox 378 3141 465 3195; x_wconf 84' lang='lat' dir='ltr'>meu,</span> <span class='ocrx_word' id='word_1_188' title='bbox 486 3141 594 3184; x_wconf 87' lang='lat' dir='ltr'>vnum</span> <span class='ocrx_word' id='word_1_189' title='bbox 614 3119 814 3202; x_wconf 86' lang='lat' dir='ltr'>psalterium</span> <span class='ocrx_word' id='word_1_190' title='bbox 834 3124 869 3182; x_wconf 88' lang='lat' dir='ltr'>et</span> <span class='ocrx_word' id='word_1_191' title='bbox 888 3140 994 3183; x_wconf 87' lang='lat' dir='ltr'>vnam</span> <span class='ocrx_word' id='word_1_192' title='bbox 1013 3125 1131 3204; x_wconf 85' lang='lat' dir='ltr'>togam</span> <span class='ocrx_word' id='word_1_193' title='bbox 1149 3121 1221 3184; x_wconf 87' lang='lat' dir='ltr'>sine</span> <span class='ocrx_word' id='word_1_194' title='bbox 1240 3121 1368 3185; x_wconf 89' lang='lat' dir='ltr'>iurura.</span> 
     </span>
     <span class='ocr_line' id='line_1_24' title="bbox 263 3223 1370 3309; baseline 0 -20"><span class='ocrx_word' id='word_1_195' title='bbox 263 3226 452 3289; x_wconf 88' lang='lat' dir='ltr'>Residuum</span> <span class='ocrx_word' id='word_1_196' title='bbox 473 3244 554 3288; x_wconf 87' lang='lat' dir='ltr'>vero</span> <span class='ocrx_word' id='word_1_197' title='bbox 576 3244 666 3288; x_wconf 89' lang='lat' dir='ltr'>omn.</span> <span class='ocrx_word' id='word_1_198' title='bbox 689 3225 807 3287; x_wconf 90' lang='lat' dir='ltr'>bonor.</span> <span class='ocrx_word' id='word_1_199' title='bbox 831 3244 934 3288; x_wconf 87' lang='lat' dir='ltr'>meor.</span> <span class='ocrx_word' id='word_1_200' title='bbox 958 3223 1003 3287; x_wconf 91' lang='lat' dir='ltr'>do</span> <span class='ocrx_word' id='word_1_201' title='bbox 1024 3231 1058 3288; x_wconf 87' lang='lat' dir='ltr'>et</span> <span class='ocrx_word' id='word_1_202' title='bbox 1079 3225 1154 3309; x_wconf 85' lang='lat' dir='ltr'>lego</span> <span class='ocrx_word' id='word_1_203' title='bbox 1175 3224 1256 3289; x_wconf 89' lang='lat' dir='ltr'>d&#39;no</span> <span class='ocrx_word' id='word_1_204' title='bbox 1277 3225 1370 3307; x_wconf 87' lang='lat' dir='ltr'>Joh’i</span> 
     </span>
     <span class='ocr_line' id='line_1_25' title="bbox 262 3328 1370 3414; baseline -0.001 -20"><span class='ocrx_word' id='word_1_205' title='bbox 262 3331 328 3413; x_wconf 91' lang='lat' dir='ltr'>Ely</span> <span class='ocrx_word' id='word_1_206' title='bbox 358 3337 392 3393; x_wconf 90' lang='lat' dir='ltr'>et</span> <span class='ocrx_word' id='word_1_207' title='bbox 422 3328 503 3393; x_wconf 88' lang='lat' dir='ltr'>d&#39;no</span> <span class='ocrx_word' id='word_1_208' title='bbox 534 3329 632 3392; x_wconf 90' lang='lat' dir='ltr'>Ric’o</span> <span class='ocrx_word' id='word_1_209' title='bbox 663 3328 858 3403; x_wconf 85' lang='lat' dir='ltr'>Schedwell,</span> <span class='ocrx_word' id='word_1_210' title='bbox 889 3328 1084 3412; x_wconf 80' lang='lat' dir='ltr'>capellanis,</span> <span class='ocrx_word' id='word_1_211' title='bbox 1115 3350 1201 3414; x_wconf 92' lang='lat' dir='ltr'>quos</span> <span class='ocrx_word' id='word_1_212' title='bbox 1230 3329 1370 3414; x_wconf 89' lang='lat' dir='ltr'>quidem</span> 
     </span>
     <span class='ocr_line' id='line_1_26' title="bbox 262 3431 1370 3517; baseline -0.001 -19"><span class='ocrx_word' id='word_1_213' title='bbox 262 3434 398 3517; x_wconf 88' lang='lat' dir='ltr'>Joh&#39;em</span> <span class='ocrx_word' id='word_1_214' title='bbox 430 3439 465 3496; x_wconf 84' lang='lat' dir='ltr'>et</span> <span class='ocrx_word' id='word_1_215' title='bbox 497 3432 608 3496; x_wconf 89' lang='lat' dir='ltr'>Ric’m</span> <span class='ocrx_word' id='word_1_216' title='bbox 640 3432 729 3496; x_wconf 86' lang='lat' dir='ltr'>facio</span> <span class='ocrx_word' id='word_1_217' title='bbox 760 3437 794 3495; x_wconf 90' lang='lat' dir='ltr'>et</span> <span class='ocrx_word' id='word_1_218' title='bbox 825 3431 946 3496; x_wconf 92' lang='lat' dir='ltr'>ordino</span> <span class='ocrx_word' id='word_1_219' title='bbox 977 3439 1175 3497; x_wconf 85' lang='lat' dir='ltr'>executores</span> <span class='ocrx_word' id='word_1_220' title='bbox 1206 3454 1300 3497; x_wconf 87' lang='lat' dir='ltr'>meos</span> <span class='ocrx_word' id='word_1_221' title='bbox 1330 3439 1370 3497; x_wconf 86' lang='lat' dir='ltr'>vt</span> 
     </span>
     <span class='ocr_line' id='line_1_27' title="bbox 262 3537 1370 3622; baseline -0.001 -20"><span class='ocrx_word' id='word_1_222' title='bbox 262 3539 445 3622; x_wconf 89' lang='lat' dir='ltr'>disponent</span> <span class='ocrx_word' id='word_1_223' title='bbox 481 3557 543 3621; x_wconf 90' lang='lat' dir='ltr'>pro</span> <span class='ocrx_word' id='word_1_224' title='bbox 579 3537 694 3600; x_wconf 88' lang='lat' dir='ltr'>anima</span> <span class='ocrx_word' id='word_1_225' title='bbox 730 3557 807 3600; x_wconf 86' lang='lat' dir='ltr'>mea</span> <span class='ocrx_word' id='word_1_226' title='bbox 843 3543 946 3620; x_wconf 91' lang='lat' dir='ltr'>prout</span> <span class='ocrx_word' id='word_1_227' title='bbox 982 3537 1029 3600; x_wconf 94' lang='lat' dir='ltr'>eis</span> <span class='ocrx_word' id='word_1_228' title='bbox 1065 3537 1185 3602; x_wconf 87' lang='lat' dir='ltr'>melius</span> <span class='ocrx_word' id='word_1_229' title='bbox 1221 3537 1370 3602; x_wconf 89' lang='lat' dir='ltr'>viderint</span> 
     </span>
     <span class='ocr_line' id='line_1_28' title="bbox 262 3641 1367 3726; baseline 0.001 -20"><span class='ocrx_word' id='word_1_230' title='bbox 262 3642 430 3726; x_wconf 86' lang='lat' dir='ltr'>expedire.</span> <span class='ocrx_word' id='word_1_231' title='bbox 480 3642 520 3705; x_wconf 94' lang='lat' dir='ltr'>ln</span> <span class='ocrx_word' id='word_1_232' title='bbox 543 3663 570 3705; x_wconf 94' lang='lat' dir='ltr'>c.</span> <span class='ocrx_word' id='word_1_233' title='bbox 595 3661 620 3704; x_wconf 91' lang='lat' dir='ltr'>r.</span> <span class='ocrx_word' id='word_1_234' title='bbox 645 3647 670 3705; x_wconf 94' lang='lat' dir='ltr'>t.</span> <span class='ocrx_word' id='word_1_235' title='bbox 695 3641 727 3704; x_wconf 90' lang='lat' dir='ltr'>h.</span> <span class='ocrx_word' id='word_1_236' title='bbox 752 3661 802 3724; x_wconf 90' lang='lat' dir='ltr'>pr.</span> <span class='ocrx_word' id='word_1_237' title='bbox 827 3646 906 3704; x_wconf 81' lang='lat' dir='ltr'>test.</span> <span class='ocrx_word' id='word_1_238' title='bbox 930 3641 989 3725; x_wconf 85' lang='lat' dir='ltr'>sig.</span> <span class='ocrx_word' id='word_1_239' title='bbox 1015 3662 1059 3706; x_wconf 88' lang='lat' dir='ltr'>m.</span> <span class='ocrx_word' id='word_1_240' title='bbox 1084 3643 1238 3725; x_wconf 91' lang='lat' dir='ltr'>apposui.</span> <span class='ocrx_word' id='word_1_241' title='bbox 1287 3642 1367 3707; x_wconf 90' lang='lat' dir='ltr'>Dat.</span> 
     </span>
     <span class='ocr_line' id='line_1_29' title="bbox 262 3744 1370 3831; baseline -0.001 -20"><span class='ocrx_word' id='word_1_242' title='bbox 262 3746 355 3831; x_wconf 89' lang='lat' dir='ltr'>apud</span> <span class='ocrx_word' id='word_1_243' title='bbox 387 3746 511 3829; x_wconf 90' lang='lat' dir='ltr'>Ripon,</span> <span class='ocrx_word' id='word_1_244' title='bbox 544 3745 598 3810; x_wconf 90' lang='lat' dir='ltr'>die</span> <span class='ocrx_word' id='word_1_245' title='bbox 629 3751 664 3809; x_wconf 88' lang='lat' dir='ltr'>et</span> <span class='ocrx_word' id='word_1_246' title='bbox 695 3765 786 3808; x_wconf 88' lang='lat' dir='ltr'>anno</span> <span class='ocrx_word' id='word_1_247' title='bbox 816 3744 1033 3828; x_wconf 88' lang='lat' dir='ltr'>supradictis.</span> <span class='ocrx_word' id='word_1_248' title='bbox 1084 3746 1286 3828; x_wconf 82' lang='lat' dir='ltr'>(Probatum</span> <span class='ocrx_word' id='word_1_249' title='bbox 1318 3754 1370 3810; x_wconf 90' lang='lat' dir='ltr'>est</span> 
     </span>
     <span class='ocr_line' id='line_1_30' title="bbox 262 3846 882 3935; baseline -0.002 -20"><span class='ocrx_word' id='word_1_250' title='bbox 262 3872 322 3935; x_wconf 89' lang='lat' dir='ltr'>per</span> <span class='ocrx_word' id='word_1_251' title='bbox 340 3850 479 3934; x_wconf 75' lang='lat' dir='ltr'>Cap¹”).¹</span> <span class='ocrx_word' id='word_1_252' title='bbox 877 3846 882 3852; x_wconf 75' lang='grc'><strong>’</strong></span> 
     </span>
    </p>
   </div>
   <div class='ocr_carea' id='block_1_4' title="bbox 265 4025 1371 4301">
    <p class='ocr_par' dir='ltr' id='par_1_4' title="bbox 265 4025 1371 4301">
     <span class='ocr_line' id='line_1_31' title="bbox 265 4025 1370 4110; baseline -0.001 -17"><span class='ocrx_word' id='word_1_253' title='bbox 265 4028 352 4110; x_wconf 84' lang='lat'>(251)</span> <span class='ocrx_word' id='word_1_254' title='bbox 379 4026 490 4090; x_wconf 70' lang='lat' dir='ltr'>Conni</span> <span class='ocrx_word' id='word_1_255' title='bbox 513 4042 739 4089; x_wconf 81' lang='lat' dir='ltr'><strong>TESTAMENTI</strong></span> <span class='ocrx_word' id='word_1_256' title='bbox 766 4025 842 4088; x_wconf 77' lang='lat' dir='ltr'>u’lu</span> <span class='ocrx_word' id='word_1_257' title='bbox 867 4025 987 4107; x_wconf 82' lang='lat' dir='ltr'>Jon&#39;1s</span> <span class='ocrx_word' id='word_1_258' title='bbox 1013 4043 1061 4089; x_wconf 78' lang='lat' dir='ltr'>uu</span> <span class='ocrx_word' id='word_1_259' title='bbox 1084 4027 1370 4104; x_wconf 82' lang='lat' dir='ltr'>WALKYNGHAM,</span> 
     </span>
     <span class='ocr_line' id='line_1_32' title="bbox 306 4129 1371 4209; baseline 0 -13"><span class='ocrx_word' id='word_1_260' title='bbox 306 4148 486 4209; x_wconf 76' lang='lat' dir='ltr'>Quouunu</span> <span class='ocrx_word' id='word_1_261' title='bbox 516 4146 715 4194; x_wconf 78' lang='lat' dir='ltr'><strong>CAPELLANI</strong></span> <span class='ocrx_word' id='word_1_262' title='bbox 746 4129 932 4193; x_wconf 65' lang='lat' dir='ltr'>clusine</span> <span class='ocrx_word' id='word_1_263' title='bbox 961 4146 1110 4194; x_wconf 70' lang='lat' dir='ltr'>nimius</span> <span class='ocrx_word' id='word_1_264' title='bbox 1140 4131 1220 4195; x_wconf 76' lang='lat' dir='ltr'>S’cu</span> <span class='ocrx_word' id='word_1_265' title='bbox 1248 4131 1371 4197; x_wconf 79' lang='lat' dir='ltr'>Tunn-</span> 
     </span>
     <span class='ocr_line' id='line_1_33' title="bbox 310 4253 421 4301; baseline -0.018 0"><span class='ocrx_word' id='word_1_266' title='bbox 310 4253 421 4301; x_wconf 70' lang='lat' dir='ltr'>runs,</span> 
     </span>
    </p>
   </div>
   <div class='ocr_carea' id='block_1_5' title="bbox 262 4389 1371 4685">
    <p class='ocr_par' dir='ltr' id='par_1_5' title="bbox 262 4389 1371 4685">
     <span class='ocr_line' id='line_1_34' title="bbox 351 4389 1370 4476; baseline 0.004 -23"><span class='ocrx_word' id='word_1_267' title='bbox 351 4390 392 4454; x_wconf 92' lang='lat' dir='ltr'>In</span> <span class='ocrx_word' id='word_1_268' title='bbox 416 4389 480 4453; x_wconf 89' lang='lat' dir='ltr'>Dei</span> <span class='ocrx_word' id='word_1_269' title='bbox 505 4389 652 4464; x_wconf 86' lang='lat' dir='ltr'>nomine,</span> <span class='ocrx_word' id='word_1_270' title='bbox 678 4389 799 4452; x_wconf 90' lang='lat' dir='ltr'>Amen.</span> <span class='ocrx_word' id='word_1_271' title='bbox 849 4389 889 4452; x_wconf 93' lang='lat' dir='ltr'>ln</span> <span class='ocrx_word' id='word_1_272' title='bbox 914 4389 969 4452; x_wconf 94' lang='lat' dir='ltr'>die</span> <span class='ocrx_word' id='word_1_273' title='bbox 994 4389 1060 4453; x_wconf 85' lang='lat' dir='ltr'>S’ci</span> <span class='ocrx_word' id='word_1_274' title='bbox 1085 4390 1195 4472; x_wconf 89' lang='lat' dir='ltr'>Joh&#39;is</span> <span class='ocrx_word' id='word_1_275' title='bbox 1220 4392 1311 4476; x_wconf 84' lang='lat' dir='ltr'>Ap’li</span> <span class='ocrx_word' id='word_1_276' title='bbox 1336 4402 1370 4458; x_wconf 84' lang='lat' dir='ltr'>et</span> 
     </span>
     <span class='ocr_line' id='line_1_35' title="bbox 262 4493 1369 4580; baseline 0.004 -21"><span class='ocrx_word' id='word_1_277' title='bbox 262 4494 482 4579; x_wconf 84' lang='lat' dir='ltr'>Euangelistc</span> <span class='ocrx_word' id='word_1_278' title='bbox 498 4494 532 4557; x_wconf 91' lang='lat' dir='ltr'>in</span> <span class='ocrx_word' id='word_1_279' title='bbox 548 4493 579 4556; x_wconf 95' lang='lat' dir='ltr'>N</span> <span class='ocrx_word' id='word_1_280' title='bbox 583 4493 672 4556; x_wconf 83' lang='lat' dir='ltr'>atale</span> <span class='ocrx_word' id='word_1_281' title='bbox 686 4493 766 4556; x_wconf 87' lang='lat' dir='ltr'>D&#39;ni</span> <span class='ocrx_word' id='word_1_282' title='bbox 780 4493 899 4556; x_wconf 87' lang='lat' dir='ltr'>Mill&#39;io</span> <span class='ocrx_word' id='word_1_283' title='bbox 912 4503 1007 4556; x_wconf 85' lang='lat' dir='ltr'>cccmo</span> <span class='ocrx_word' id='word_1_284' title='bbox 1022 4493 1251 4580; x_wconf 86' lang='lat' dir='ltr'>Nonogesimo</span> <span class='ocrx_word' id='word_1_285' title='bbox 1267 4519 1369 4574; x_wconf 86' lang='lat' dir='ltr'>nonu,</span> 
     </span>
     <span class='ocr_line' id='line_1_36' title="bbox 263 4597 1371 4685; baseline 0.005 -22"><span class='ocrx_word' id='word_1_286' title='bbox 263 4601 336 4685; x_wconf 84' lang='lat' dir='ltr'>Ego</span> <span class='ocrx_word' id='word_1_287' title='bbox 364 4599 482 4681; x_wconf 88' lang='lat' dir='ltr'>Joh’es</span> <span class='ocrx_word' id='word_1_288' title='bbox 510 4599 552 4662; x_wconf 87' lang='lat' dir='ltr'>de</span> <span class='ocrx_word' id='word_1_289' title='bbox 580 4597 846 4682; x_wconf 84' lang='lat' dir='ltr'>Walkyngham,</span> <span class='ocrx_word' id='word_1_290' title='bbox 875 4598 1082 4682; x_wconf 87' lang='lat' dir='ltr'>capellanus,</span> <span class='ocrx_word' id='word_1_291' title='bbox 1111 4620 1192 4665; x_wconf 88' lang='lat' dir='ltr'>sane</span> <span class='ocrx_word' id='word_1_292' title='bbox 1220 4607 1254 4666; x_wconf 84' lang='lat' dir='ltr'>et</span> <span class='ocrx_word' id='word_1_293' title='bbox 1283 4604 1371 4668; x_wconf 88' lang='lat' dir='ltr'>bone</span> 
     </span>
    </p>
   </div>
   <div class='ocr_carea' id='block_1_6' title="bbox 334 4799 604 4849">
    <p class='ocr_par' dir='ltr' id='par_1_6' title="bbox 334 4799 604 4849">
     <span class='ocr_line' id='line_1_37' title="bbox 334 4799 604 4849; baseline 0 -3"><span class='ocrx_word' id='word_1_294' title='bbox 334 4805 341 4828; x_wconf 90' lang='lat'><em>¹</em></span> <span class='ocrx_word' id='word_1_295' title='bbox 361 4799 394 4848; x_wconf 94' lang='lat' dir='ltr'>In</span> <span class='ocrx_word' id='word_1_296' title='bbox 408 4814 425 4849; x_wconf 89' lang='lat' dir='ltr'>a</span> <span class='ocrx_word' id='word_1_297' title='bbox 437 4799 508 4849; x_wconf 87' lang='lat' dir='ltr'>later</span> <span class='ocrx_word' id='word_1_298' title='bbox 520 4799 604 4847; x_wconf 86' lang='lat' dir='ltr'>hand.</span> 
     </span>
    </p>
   </div>
   <div class='ocr_carea' id='block_1_7' title="bbox 1421 4424 1545 4538">
    <p class='ocr_par' dir='ltr' id='par_1_7' title="bbox 1421 4424 1545 4538">
     <span class='ocr_line' id='line_1_38' title="bbox 1448 4424 1522 4473; baseline -0.108 1"><span class='ocrx_word' id='word_1_299' title='bbox 1448 4424 1522 4473; x_wconf 75' lang='lat'>1399.</span> 
     </span>
     <span class='ocr_line' id='line_1_39' title="bbox 1421 4479 1545 4538; baseline -0.016 -12"><span class='ocrx_word' id='word_1_300' title='bbox 1421 4479 1485 4527; x_wconf 86' lang='lat' dir='ltr'>Dec.</span> <span class='ocrx_word' id='word_1_301' title='bbox 1505 4490 1545 4538; x_wconf 89' lang='lat'>²7·</span> 
     </span>
    </p>
   </div>
   <div class='ocr_carea' id='block_1_8' title="bbox 0 0 1708 5650">
    <p class='ocr_par' dir='ltr' id='par_1_8' title="bbox 0 0 1708 5650">
     <span class='ocr_line' id='line_1_40' title="bbox 0 0 1708 5650; baseline 0 0"><span class='ocrx_word' id='word_1_302' title='bbox 0 0 1708 5650; x_wconf 95' lang='lat' dir='ltr'> </span> 
     </span>
    </p>
   </div>
  </div>
 </body>
</html>
