3392 5650
353 700 417 783 258
638 701 717 766 Tur
742 701 898 765 Incrrnr
922 700 1169 765 Manuscnrpr.

138 873 338 992 heessiffutsstffl
354 881 478 966 tingat,
496 882 633 965 prouiso
649 900 783 964 semper
798 880 892 964 quod
908 880 936 943 si
953 879 1076 963 aliquis
1092 878 1289 943 huiusmodi
1305 876 1466 942 Cantarie

137 957 339 1067 mairitdnania
355 985 558 1070 Capelianus
580 1007 694 1050 coram
716 985 993 1069 quibuscumque
1015 983 1196 1067 Judicibus
1218 1004 1322 1047 causa
1344 981 1467 1045 telonie

140 1074 341 1206 bfficyffieeffi
355 1090 457 1154 fuerit
487 1091 677 1165 conuictus
708 1090 802 1174 quod
832 1089 935 1163 absit,
966 1095 1000 1152 et
1031 1109 1070 1152 ea
1101 1088 1155 1151 dev
1173 1109 1276 1152 causa
1305 1085 1468 1151 carcerali

151 1207 328 1283 shauueue-
355 1195 510 1259 custodie
558 1195 787 1278 mancipatus
836 1192 930 1277 quod
977 1193 1098 1257 statim
1146 1199 1223 1276 post
1271 1190 1470 1286 huiusmodi

136 1277 338 1405 ῂξῗζξὲἱῶᾓὲ
354 1300 608 1363 conuiccionem
634 1299 720 1363 bene
744 1298 845 1362 liceat
871 1297 980 1372 nobis
1001 1297 1193 1373 heredibus,
1223 1302 1257 1360 et
1283 1295 1465 1381 assignatis

354 1404 479 1468 nostris
494 1404 600 1468 alium
616 1403 839 1486 Capellanum
855 1402 1029 1485 ydoneum
1045 1401 1089 1465 ad
1105 1401 1250 1465 eandem
1266 1399 1464 1465 Cantariam

355 1514 562 1591 presentare,
588 1514 622 1571 et
647 1507 741 1591 quod
765 1506 961 1570 huiusmodi
986 1505 1190 1589 Capellanus
1214 1506 1262 1570 sic
1285 1504 1465 1569 conuictus

354 1611 514 1696 deinceps
556 1618 724 1695 tanquam
766 1617 940 1674 ammotus
982 1616 1016 1673 et
1058 1610 1215 1694 priuatus
1261 1611 1305 1673 ab
1346 1608 1466 1672 eadem

353 1714 515 1781 Cantaria
548 1717 689 1780 omnino
723 1722 892 1790 teneatur,
927 1722 961 1779 et
995 1735 1057 1797 pro
1091 1715 1207 1778 taliter
1242 1719 1397 1778 ammoto
1430 1719 1485 1777 et.

353 1821 490 1905 priuato
518 1841 579 1905 per
607 1820 818 1884 ordinarium
847 1820 1041 1903 predictum
1070 1819 1317 1902 pronuncietur
1344 1823 1379 1881 et
1408 1816 1466 1881 de-

352 1926 510 2000 claretur,
538 1946 600 1990 nec
626 1924 756 2009 aliquid
783 1924 825 1988 de
852 1924 991 1988 redditu
1018 1924 1173 2007 predicto
1199 1944 1261 2008 pro
1287 1923 1384 1987 victu
1410 1922 1465 1985 vel

352 2030 607 2094 sustentacione
645 2050 708 2093 sua
746 2035 824 2112 post
863 2029 1119 2093 conuiccionem
1158 2035 1193 2092 et
1232 2028 1465 2111 priuaeionem

139 2135 234 2211 lfany
249 2136 336 2200 cnap-
353 2134 548 2199 huiusmodi
587 2134 622 2197 in
662 2134 819 2197 futurum
858 2133 1087 2217 quouismodo
1126 2132 1304 2217 percipiat.
1352 2132 1399 2195 Et
1438 2132 1466 2195 si

136 2202 337 2319 iiinoiiffii
353 2239 475 2322 aliquis
515 2238 666 2302 eiusdem
706 2237 866 2302 Cantarie
906 2237 1109 2321 Capellanus
1149 2237 1280 2300 meritis
1319 2236 1466 2319 notorijs

135 2349 200 2450 ’ἐξ
210 2336 337 2452 lfgssmffj
352 2342 559 2407 temeritatis
573 2363 633 2405 sue
648 2342 783 2426 proprie
799 2341 843 2405 ad
858 2342 1090 2425 peragendum
1105 2341 1254 2405 officium
1269 2341 1465 2405 diuinorum

148 2417 220 2517 shaii
232 2470 267 2518 be
280 2442 337 2519 dess
352 2447 523 2531 impotens
538 2452 599 2510 aut
614 2445 773 2510 inhabilis
788 2446 955 2520 extiterit,
972 2466 1032 2529 per
1046 2445 1256 2509 ordinarium
1271 2444 1465 2528 predictum

137 2591 142 2600 -
183 2536 288 2599 priver.
352 2558 593 2615 ammoneatur
624 2556 659 2613 et
690 2572 711 2614 a
742 2550 905 2614 Cantaria
937 2551 1092 2633 priuetur
1122 2550 1273 2614 omnino.
1322 2549 1356 2614 Si
1387 2549 1465 2633 quis

352 2662 469 2720 autem
500 2655 696 2719 huiusmodi
728 2654 888 2719 Cantarie
920 2654 1113 2737 Capellanis
1144 2654 1306 2729 tabernis
1339 2659 1463 2729 scorto,

149 2762 175 2840 ‚If
190 2763 283 2841 guilty
297 2764 326 2812 or
352 2760 531 2836 adulteria,
555 2759 788 2835 fornicacioni,
811 2779 871 2822 seu
893 2758 971 2842 alijs
993 2759 1074 2822 locis
1095 2760 1150 2822 vel
1171 2758 1260 2822 ludis
1282 2758 1407 2822 illicitis
1429 2763 1463 2820 et

147 2832 327 2947 Ῑῑῗζηέζὲῗιὴῇζ
351 2865 541 2929 inhonestis
565 2865 699 2928 notorie
723 2865 828 2928 tuerit
852 2863 1041 2947 indulgens,
1067 2863 1131 2927 nisi
1155 2884 1216 2947 per
1239 2884 1300 2927 nos
1324 2863 1465 2927 heredes

165 2966 304 3079 correcdtm
351 2990 411 3033 seu
438 2970 631 3054 assignatos
658 2969 750 3033 n’ros
778 2974 839 3032 aut
867 2988 1049 3051 personam
1076 2968 1228 3052 predicte
1256 2968 1393 3031 ecclesie
1420 2967 1464 3031 de

165 3045 310 3160 pmiiiheo.
351 3072 456 3137 Wath
489 3073 547 3158 qui
581 3094 643 3157 pro
677 3079 832 3156 tempore
866 3073 970 3136 fuerit
1004 3073 1095 3136 trina
1128 3072 1202 3136 vice
1234 3072 1386 3136 monitus
1419 3073 1464 3135 ab

350 3178 546 3242 huiusmodi
576 3176 774 3259 insolenciis
803 3176 929 3240 illicitis
959 3197 994 3239 se
1024 3177 1207 3251 abstineat,
1239 3177 1360 3240 statim
1389 3196 1462 3251 nos

350 3282 501 3357 heredes,
525 3301 586 3345 seu
609 3280 775 3365 assignati
798 3280 907 3344 nostri
931 3281 1209 3365 significabimus,
1234 3287 1295 3345 aut
1318 3300 1464 3364 persona

350 3385 502 3469 predicte
520 3385 599 3449 eccl.
620 3385 662 3448 de
680 3384 785 3448 Wath
803 3385 863 3469 qui
882 3405 944 3468 pro
963 3391 1117 3468 tempore
1135 3386 1239 3449 fuerit
1257 3385 1463 3469 significabit

350 3489 548 3573 supradicto
575 3489 748 3553 ordinario
774 3495 814 3552 vt
841 3489 916 3572 ipso
943 3489 1140 3554 huiusmodi
1167 3489 1389 3573 Capellanum
1415 3489 1463 3553 sic

349 3599 550 3658 accusatum
574 3613 690 3656 coram
714 3593 788 3676 ipso
811 3593 929 3657 venire
953 3600 987 3657 et
1011 3593 1128 3657 debite
1152 3594 1274 3678 corrigi
1292 3600 1327 3658 et
1350 3593 1463 3677 puniri

350 3698 456 3762 faciat
475 3718 537 3782 pro
555 3697 745 3761 commissis
764 3697 833 3760 suis
853 3698 888 3762 in
907 3698 971 3762 hac
990 3704 1099 3782 parte.

151 3839 209 3954 Th?
225 3841 317 3925 ‚Chae
436 3846 614 3910 Volumus
653 3847 800 3924 insuper
841 3844 877 3902 et
913 3839 1121 3914 ordinamus
1159 3840 1253 3924 quod
1288 3840 1463 3924 predictus

159 3921 306 4030 ,31³5ssch
350 3943 467 4026 Joh'es
482 3944 524 4007 de
538 3933 688 4007 Threske
703 3949 737 4006 et
752 3943 900 4027 quilibet
914 3963 996 4007 suus
1010 3964 1183 4008 successor
1197 3944 1288 4008 dicte
1303 3943 1462 4009 Cantarie

349 4046 552 4131 Capellanus
571 4048 630 4131 qui
651 4068 714 4131 pro
734 4053 888 4131 tempore
908 4048 1021 4123 luerit,
1042 4054 1229 4132 postquam
1248 4050 1461 4133 mesuagium

349 4157 383 4215 et
398 4151 579 4236 gardinum
594 4152 794 4235 supradicta
808 4172 870 4236 per
883 4172 946 4216 nos
960 4171 1020 4215 seu
1035 4152 1291 4217 ordinacionem
1306 4159 1461 4218 nostram

348 4276 410 4339 pro
435 4256 690 4320 inhabitacione
715 4256 867 4320 eiusdem
891 4256 1001 4338 Joh'is
1025 4256 1067 4320 de
1092 4255 1242 4321 Threske
1268 4263 1302 4321 et
1330 4278 1461 4322 succes-

348 4380 464 4424 sorum
492 4380 632 4425 suorum
661 4360 814 4443 predicte
843 4360 996 4424 cantarie
1025 4360 1290 4444 Capellanorum
1318 4371 1359 4425 vt
1387 4383 1462 4447 pre·

348 4462 480 4528 dictum
506 4469 558 4527 est
584 4464 753 4538 facienda,
775 4463 870 4527 tacta
890 4463 1018 4528 fuerint
1044 4470 1078 4528 et
1104 4471 1314 4540 constructa,
1341 4466 1462 4530 eadem

347 4568 561 4652 mesuagium
580 4574 615 4631 et
633 4568 816 4652 gardinum
835 4588 915 4633 cum
934 4569 1155 4652 pertinenciis
1174 4570 1373 4654 sumptibus
1391 4570 1462 4635 suis

131 4675 162 4721 *0
174 4672 209 4720 be
222 4672 290 4735 kept
305 4673 332 4720 in
347 4673 495 4757 proprijs
514 4679 549 4736 et
568 4673 726 4756 expensis
745 4672 957 4737 sustentabit
976 4678 1011 4736 et
1031 4674 1205 4757 reparabit
1224 4681 1259 4738 et
1278 4694 1319 4738 ea
1337 4675 1460 4739 suffici-

162 4740 303 4856 ‘ifflby
347 4783 444 4841 enter
474 4778 536 4860 (88)
567 4782 726 4861 reparata
754 4776 1005 4852 manutenebit,
1032 4779 1096 4841 sub
1121 4798 1211 4864 pena
1236 4780 1460 4846 ammOCiOHlS
