<?xml version="1.0" encoding="UTF-8"?>
<!DOCTYPE html PUBLIC "-//W3C//DTD XHTML 1.0 Transitional//EN"
    "http://www.w3.org/TR/xhtml1/DTD/xhtml1-transitional.dtd">
<html xmlns="http://www.w3.org/1999/xhtml" xml:lang="en" lang="en">
 <head>
  <title>
</title>
<meta http-equiv="Content-Type" content="text/html;charset=utf-8" />
  <meta name='ocr-system' content='tesseract 3.04.00' />
  <meta name='ocr-capabilities' content='ocr_page ocr_carea ocr_par ocr_line ocrx_word'/>
</head>
<body>
  <div class='ocr_page' id='page_1' title='image "./memorialschurch01fowlgoog_0273.png"; bbox 0 0 3392 5650; ppageno 0'>
   <div class='ocr_carea' id='block_1_1' title="bbox 658 705 1393 788">
    <p class='ocr_par' dir='ltr' id='par_1_1' title="bbox 658 705 1393 788">
     <span class='ocr_line' id='line_1_1' title="bbox 658 705 1393 788; baseline 0.003 -19"><span class='ocrx_word' id='word_1_1' title='bbox 658 707 752 770; x_wconf 89' lang='lat' dir='ltr'><strong>Acrs</strong></span> <span class='ocrx_word' id='word_1_2' title='bbox 775 723 821 770; x_wconf 84' lang='lat' dir='ltr'><strong>or</strong></span> <span class='ocrx_word' id='word_1_3' title='bbox 844 705 1022 771; x_wconf 64' lang='lat' dir='ltr'><strong>Cunerum</strong></span> <span class='ocrx_word' id='word_1_4' title='bbox 1331 724 1393 788; x_wconf 84' lang='lat'><strong>231</strong></span> 
     </span>
    </p>
   </div>
   <div class='ocr_carea' id='block_1_2' title="bbox 264 886 1605 4519">
    <p class='ocr_par' dir='ltr' id='par_1_2' title="bbox 264 886 1605 4519">
     <span class='ocr_line' id='line_1_2' title="bbox 375 886 1559 979; baseline 0 -30"><span class='ocrx_word' id='word_1_5' title='bbox 375 889 461 949; x_wconf 86' lang='lat' dir='ltr'><strong>Cum</strong></span> <span class='ocrx_word' id='word_1_6' title='bbox 490 886 674 950; x_wconf 88' lang='lat' dir='ltr'><strong>reuerende</strong></span> <span class='ocrx_word' id='word_1_7' title='bbox 703 889 864 949; x_wconf 81' lang='lat' dir='ltr'>memorie</span> <span class='ocrx_word' id='word_1_8' title='bbox 894 892 1111 971; x_wconf 90' lang='lat' dir='ltr'><strong>retropatres,</strong></span> <span class='ocrx_word' id='word_1_9' title='bbox 1142 890 1394 970; x_wconf 83' lang='lat' dir='ltr'><strong>predecessores</strong></span> <span class='ocrx_word' id='word_1_10' title='bbox 1458 902 1559 979; x_wconf 71' lang='lat' dir='ltr'><strong>Dryine</strong></span> 
     </span>
     <span class='ocr_line' id='line_1_3' title="bbox 286 970 1605 1085; baseline 0.002 -33"><span class='ocrx_word' id='word_1_11' title='bbox 286 990 405 1065; x_wconf 87' lang='lat' dir='ltr'><strong>nostri,</strong></span> <span class='ocrx_word' id='word_1_12' title='bbox 448 990 703 1055; x_wconf 85' lang='lat' dir='ltr'><strong>considerantes</strong></span> <span class='ocrx_word' id='word_1_13' title='bbox 745 990 902 1054; x_wconf 93' lang='lat' dir='ltr'><strong>diuinum</strong></span> <span class='ocrx_word' id='word_1_14' title='bbox 943 990 1075 1055; x_wconf 94' lang='lat' dir='ltr'><strong>cultum</strong></span> <span class='ocrx_word' id='word_1_15' title='bbox 1117 991 1316 1075; x_wconf 87' lang='lat' dir='ltr'><strong>precipuum</strong></span> <span class='ocrx_word' id='word_1_16' title='bbox 1358 991 1392 1054; x_wconf 93' lang='lat' dir='ltr'><strong>in</strong></span> <span class='ocrx_word' id='word_1_17' title='bbox 1406 970 1605 1085; x_wconf 50' lang='grc' dir='ltr'><strong>ζῗζξξξζξζζ·</strong></span> 
     </span>
     <span class='ocr_line' id='line_1_4' title="bbox 285 1094 1605 1178; baseline 0.005 -21"><span class='ocrx_word' id='word_1_18' title='bbox 285 1094 392 1178; x_wconf 89' lang='lat' dir='ltr'><strong>gloria</strong></span> <span class='ocrx_word' id='word_1_19' title='bbox 429 1095 659 1178; x_wconf 89' lang='lat' dir='ltr'><strong>preciosorum</strong></span> <span class='ocrx_word' id='word_1_20' title='bbox 697 1101 978 1159; x_wconf 81' lang='lat' dir='ltr'><strong>ornamentorum</strong></span> <span class='ocrx_word' id='word_1_21' title='bbox 1016 1094 1320 1160; x_wconf 90' lang='lat' dir='ltr'><strong>ecclesiasticorum</strong></span> <span class='ocrx_word' id='word_1_22' title='bbox 1358 1101 1393 1158; x_wconf 87' lang='lat' dir='ltr'><strong>et</strong></span> <span class='ocrx_word' id='word_1_23' title='bbox 1406 1102 1556 1164; x_wconf 85' lang='lat' dir='ltr'><strong>splendour</strong></span> <span class='ocrx_word' id='word_1_24' title='bbox 1577 1103 1605 1152; x_wconf 85' lang='lat'><strong>0¹</strong></span> 
     </span>
     <span class='ocr_line' id='line_1_5' title="bbox 285 1173 1593 1283; baseline 0.002 -22"><span class='ocrx_word' id='word_1_25' title='bbox 285 1198 571 1263; x_wconf 85' lang='lat' dir='ltr'><strong>vestimentorum</strong></span> <span class='ocrx_word' id='word_1_26' title='bbox 618 1199 813 1264; x_wconf 91' lang='lat' dir='ltr'><strong>diuinorum</strong></span> <span class='ocrx_word' id='word_1_27' title='bbox 859 1199 1037 1283; x_wconf 83' lang='lat' dir='ltr'><strong>splendore</strong></span> <span class='ocrx_word' id='word_1_28' title='bbox 1082 1200 1276 1275; x_wconf 88' lang='lat' dir='ltr'><strong>consistere,</strong></span> <span class='ocrx_word' id='word_1_29' title='bbox 1323 1199 1393 1263; x_wconf 90' lang='lat' dir='ltr'><strong>suis</strong></span> <span class='ocrx_word' id='word_1_30' title='bbox 1423 1173 1593 1219; x_wconf 81' lang='lat' dir='ltr'><strong>ornaments.</strong></span> 
     </span>
     <span class='ocr_line' id='line_1_6' title="bbox 287 1303 1597 1401; baseline 0.002 -36"><span class='ocrx_word' id='word_1_31' title='bbox 287 1303 499 1386; x_wconf 89' lang='lat' dir='ltr'><strong>temporibus</strong></span> <span class='ocrx_word' id='word_1_32' title='bbox 535 1303 856 1368; x_wconf 88' lang='lat' dir='ltr'><strong>conuenientissime</strong></span> <span class='ocrx_word' id='word_1_33' title='bbox 893 1309 1090 1368; x_wconf 90' lang='lat' dir='ltr'><strong>statuerunt</strong></span> <span class='ocrx_word' id='word_1_34' title='bbox 1127 1304 1221 1388; x_wconf 93' lang='lat' dir='ltr'><strong>quod</strong></span> <span class='ocrx_word' id='word_1_35' title='bbox 1257 1304 1292 1367; x_wconf 93' lang='lat' dir='ltr'><strong>in</strong></span> <span class='ocrx_word' id='word_1_36' title='bbox 1329 1303 1394 1367; x_wconf 90' lang='lat' dir='ltr'><strong>hac</strong></span> <span class='ocrx_word' id='word_1_37' title='bbox 1418 1353 1494 1401; x_wconf 80' lang='lat' dir='ltr'><strong>Each</strong></span> <span class='ocrx_word' id='word_1_38' title='bbox 1507 1366 1597 1400; x_wconf 75' lang='lat' dir='ltr'><strong>canon</strong></span> 
     </span>
     <span class='ocr_line' id='line_1_7' title="bbox 286 1406 1605 1492; baseline -0.004 -21"><span class='ocrx_word' id='word_1_39' title='bbox 286 1406 402 1472; x_wconf 87' lang='lat' dir='ltr'><strong>eccl&#39;ia</strong></span> <span class='ocrx_word' id='word_1_40' title='bbox 421 1407 608 1492; x_wconf 87' lang='lat' dir='ltr'><strong>Collegiata</strong></span> <span class='ocrx_word' id='word_1_41' title='bbox 627 1408 753 1492; x_wconf 91' lang='lat' dir='ltr'><strong>Rypon</strong></span> <span class='ocrx_word' id='word_1_42' title='bbox 772 1407 918 1491; x_wconf 87' lang='lat' dir='ltr'><strong>quilibet</strong></span> <span class='ocrx_word' id='word_1_43' title='bbox 937 1408 1128 1472; x_wconf 86' lang='lat' dir='ltr'><strong>Canonicus</strong></span> <span class='ocrx_word' id='word_1_44' title='bbox 1146 1429 1252 1472; x_wconf 85' lang='lat' dir='ltr'><strong>vnam</strong></span> <span class='ocrx_word' id='word_1_45' title='bbox 1271 1428 1394 1492; x_wconf 88' lang='lat' dir='ltr'><strong>capam</strong></span> <span class='ocrx_word' id='word_1_46' title='bbox 1407 1420 1429 1468; x_wconf 86' lang='lat' dir='ltr'><strong>is</strong></span> <span class='ocrx_word' id='word_1_47' title='bbox 1444 1425 1474 1469; x_wconf 86' lang='lat' dir='ltr'><strong>to</strong></span> <span class='ocrx_word' id='word_1_48' title='bbox 1490 1418 1605 1482; x_wconf 82' lang='lat' dir='ltr'><strong>provide</strong></span> 
     </span>
     <span class='ocr_line' id='line_1_8' title="bbox 287 1486 1572 1616; baseline 0 -41"><span class='ocrx_word' id='word_1_49' title='bbox 287 1512 475 1595; x_wconf 83' lang='lat' dir='ltr'><strong>preciosam</strong></span> <span class='ocrx_word' id='word_1_50' title='bbox 501 1512 627 1577; x_wconf 85' lang='lat' dir='ltr'><strong>valoris</strong></span> <span class='ocrx_word' id='word_1_51' title='bbox 653 1512 770 1576; x_wconf 90' lang='lat' dir='ltr'><strong>decem</strong></span> <span class='ocrx_word' id='word_1_52' title='bbox 796 1533 990 1576; x_wconf 89' lang='lat' dir='ltr'><strong>marcarum</strong></span> <span class='ocrx_word' id='word_1_53' title='bbox 1016 1512 1050 1575; x_wconf 93' lang='lat' dir='ltr'><strong>in</strong></span> <span class='ocrx_word' id='word_1_54' title='bbox 1077 1514 1151 1576; x_wconf 92' lang='lat' dir='ltr'><strong>vita</strong></span> <span class='ocrx_word' id='word_1_55' title='bbox 1177 1534 1239 1577; x_wconf 91' lang='lat' dir='ltr'><strong>sua</strong></span> <span class='ocrx_word' id='word_1_56' title='bbox 1264 1512 1394 1576; x_wconf 91' lang='lat' dir='ltr'><strong>soluere</strong></span> <span class='ocrx_word' id='word_1_57' title='bbox 1450 1486 1572 1616; x_wconf 47' lang='lat' dir='ltr'><strong>acqquiy</strong></span> 
     </span>
     <span class='ocr_line' id='line_1_9' title="bbox 287 1617 1394 1701; baseline 0.001 -22"><span class='ocrx_word' id='word_1_58' title='bbox 287 1622 456 1692; x_wconf 89' lang='lat' dir='ltr'><strong>teneatur,</strong></span> <span class='ocrx_word' id='word_1_59' title='bbox 477 1638 583 1700; x_wconf 92' lang='lat' dir='ltr'><strong>quam</strong></span> <span class='ocrx_word' id='word_1_60' title='bbox 602 1617 630 1680; x_wconf 92' lang='lat' dir='ltr'><strong>si</strong></span> <span class='ocrx_word' id='word_1_61' title='bbox 649 1638 718 1680; x_wconf 90' lang='lat' dir='ltr'><strong>non</strong></span> <span class='ocrx_word' id='word_1_62' title='bbox 738 1617 851 1681; x_wconf 89' lang='lat' dir='ltr'><strong>soluat</strong></span> <span class='ocrx_word' id='word_1_63' title='bbox 871 1617 905 1681; x_wconf 93' lang='lat' dir='ltr'><strong>in</strong></span> <span class='ocrx_word' id='word_1_64' title='bbox 924 1618 999 1681; x_wconf 86' lang='lat' dir='ltr'><strong>vita</strong></span> <span class='ocrx_word' id='word_1_65' title='bbox 1018 1617 1131 1681; x_wconf 88' lang='lat' dir='ltr'><strong>soluat</strong></span> <span class='ocrx_word' id='word_1_66' title='bbox 1150 1624 1228 1701; x_wconf 92' lang='lat' dir='ltr'><strong>post</strong></span> <span class='ocrx_word' id='word_1_67' title='bbox 1248 1622 1394 1681; x_wconf 91' lang='lat' dir='ltr'><strong>mortem</strong></span> 
     </span>
     <span class='ocr_line' id='line_1_10' title="bbox 287 1720 1396 1806; baseline 0.001 -23"><span class='ocrx_word' id='word_1_68' title='bbox 287 1720 404 1784; x_wconf 90' lang='lat' dir='ltr'><strong>decem</strong></span> <span class='ocrx_word' id='word_1_69' title='bbox 446 1720 560 1796; x_wconf 78' lang='lat' dir='ltr'><strong>libraS,</strong></span> <span class='ocrx_word' id='word_1_70' title='bbox 605 1721 786 1805; x_wconf 91' lang='lat' dir='ltr'><strong>contigerit</strong></span> <span class='ocrx_word' id='word_1_71' title='bbox 829 1721 923 1804; x_wconf 95' lang='lat' dir='ltr'><strong>quod</strong></span> <span class='ocrx_word' id='word_1_72' title='bbox 966 1722 1140 1805; x_wconf 87' lang='lat' dir='ltr'><strong>sepissime</strong></span> <span class='ocrx_word' id='word_1_73' title='bbox 1183 1722 1396 1806; x_wconf 91' lang='lat' dir='ltr'><strong>temporibus</strong></span> 
     </span>
     <span class='ocr_line' id='line_1_11' title="bbox 287 1824 1396 1910; baseline 0.001 -23"><span class='ocrx_word' id='word_1_74' title='bbox 287 1825 465 1888; x_wconf 90' lang='lat' dir='ltr'><strong>retroactis</strong></span> <span class='ocrx_word' id='word_1_75' title='bbox 493 1825 587 1909; x_wconf 93' lang='lat' dir='ltr'><strong>quod</strong></span> <span class='ocrx_word' id='word_1_76' title='bbox 616 1846 685 1889; x_wconf 94' lang='lat' dir='ltr'><strong>non</strong></span> <span class='ocrx_word' id='word_1_77' title='bbox 713 1824 798 1888; x_wconf 92' lang='lat' dir='ltr'><strong>nulli</strong></span> <span class='ocrx_word' id='word_1_78' title='bbox 826 1825 1049 1889; x_wconf 86' lang='lat' dir='ltr'><strong>canonicatus</strong></span> <span class='ocrx_word' id='word_1_79' title='bbox 1079 1832 1113 1889; x_wconf 91' lang='lat' dir='ltr'><strong>et</strong></span> <span class='ocrx_word' id='word_1_80' title='bbox 1142 1826 1333 1910; x_wconf 89' lang='lat' dir='ltr'><strong>prebendas</strong></span> <span class='ocrx_word' id='word_1_81' title='bbox 1361 1825 1396 1889; x_wconf 94' lang='lat' dir='ltr'><strong>in</strong></span> 
     </span>
     <span class='ocr_line' id='line_1_12' title="bbox 287 1928 1396 2022; baseline 0.003 -31"><span class='ocrx_word' id='word_1_82' title='bbox 287 1928 381 1993; x_wconf 89' lang='lat' dir='ltr'><strong>dicta</strong></span> <span class='ocrx_word' id='word_1_83' title='bbox 405 1929 520 1993; x_wconf 83' lang='lat' dir='ltr'><strong>eccl&#39;ia</strong></span> <span class='ocrx_word' id='word_1_84' title='bbox 544 1929 731 2013; x_wconf 84' lang='lat' dir='ltr'><strong>Collegiata</strong></span> <span class='ocrx_word' id='word_1_85' title='bbox 755 1930 951 1993; x_wconf 91' lang='lat' dir='ltr'><strong>obtinentes</strong></span> <span class='ocrx_word' id='word_1_86' title='bbox 976 1931 1009 1993; x_wconf 94' lang='lat' dir='ltr'><strong>in</strong></span> <span class='ocrx_word' id='word_1_87' title='bbox 1034 1950 1151 2022; x_wconf 84' lang='lat' dir='ltr'><strong>eorum</strong></span> <span class='ocrx_word' id='word_1_88' title='bbox 1176 1930 1251 1994; x_wconf 90' lang='lat' dir='ltr'><strong>uita</strong></span> <span class='ocrx_word' id='word_1_89' title='bbox 1273 1951 1396 2014; x_wconf 92' lang='lat' dir='ltr'><strong>capam</strong></span> 
     </span>
     <span class='ocr_line' id='line_1_13' title="bbox 287 2033 1429 2122; baseline 0.001 -25"><span class='ocrx_word' id='word_1_90' title='bbox 287 2033 483 2097; x_wconf 92' lang='lat' dir='ltr'><strong>huiusmodi</strong></span> <span class='ocrx_word' id='word_1_91' title='bbox 502 2034 690 2117; x_wconf 87' lang='lat' dir='ltr'><strong>preciosam</strong></span> <span class='ocrx_word' id='word_1_92' title='bbox 710 2034 791 2097; x_wconf 88' lang='lat' dir='ltr'><strong>dare</strong></span> <span class='ocrx_word' id='word_1_93' title='bbox 810 2054 870 2097; x_wconf 92' lang='lat' dir='ltr'><strong>seu</strong></span> <span class='ocrx_word' id='word_1_94' title='bbox 889 2033 1031 2098; x_wconf 88' lang='lat' dir='ltr'><strong>liberare</strong></span> <span class='ocrx_word' id='word_1_95' title='bbox 1050 2035 1190 2098; x_wconf 91' lang='lat' dir='ltr'><strong>minime</strong></span> <span class='ocrx_word' id='word_1_96' title='bbox 1209 2041 1373 2099; x_wconf 87' lang='lat' dir='ltr'><strong>curarunt</strong></span> <span class='ocrx_word' id='word_1_97' title='bbox 1389 2053 1395 2109; x_wconf 87' lang='lat'>;</span> <span class='ocrx_word' id='word_1_98' title='bbox 1427 2116 1429 2122; x_wconf 13' lang='lat'><strong>¹</strong></span> 
     </span>
     <span class='ocr_line' id='line_1_14' title="bbox 287 2140 1397 2222; baseline 0.001 -21"><span class='ocrx_word' id='word_1_99' title='bbox 287 2144 365 2222; x_wconf 90' lang='lat' dir='ltr'><strong>post</strong></span> <span class='ocrx_word' id='word_1_100' title='bbox 400 2159 548 2222; x_wconf 89' lang='lat' dir='ltr'><strong>quorum</strong></span> <span class='ocrx_word' id='word_1_101' title='bbox 582 2144 730 2202; x_wconf 87' lang='lat' dir='ltr'><strong>mortem</strong></span> <span class='ocrx_word' id='word_1_102' title='bbox 765 2159 883 2202; x_wconf 90' lang='lat' dir='ltr'><strong>eorum</strong></span> <span class='ocrx_word' id='word_1_103' title='bbox 919 2145 1119 2203; x_wconf 90' lang='lat' dir='ltr'><strong>executores</strong></span> <span class='ocrx_word' id='word_1_104' title='bbox 1154 2160 1194 2203; x_wconf 90' lang='lat' dir='ltr'><strong>ac</strong></span> <span class='ocrx_word' id='word_1_105' title='bbox 1228 2140 1397 2203; x_wconf 92' lang='lat' dir='ltr'><strong>bonorum</strong></span> 
     </span>
     <span class='ocr_line' id='line_1_15' title="bbox 287 2242 1397 2307; baseline 0 0"><span class='ocrx_word' id='word_1_106' title='bbox 287 2242 582 2307; x_wconf 87' lang='lat' dir='ltr'><strong>administratores</strong></span> <span class='ocrx_word' id='word_1_107' title='bbox 604 2243 800 2307; x_wconf 93' lang='lat' dir='ltr'><strong>huiusmodi</strong></span> <span class='ocrx_word' id='word_1_108' title='bbox 822 2264 908 2307; x_wconf 92' lang='lat' dir='ltr'><strong>onus</strong></span> <span class='ocrx_word' id='word_1_109' title='bbox 930 2248 964 2306; x_wconf 93' lang='lat' dir='ltr'><strong>et</strong></span> <span class='ocrx_word' id='word_1_110' title='bbox 986 2243 1143 2307; x_wconf 90' lang='lat' dir='ltr'><strong>debitum</strong></span> <span class='ocrx_word' id='word_1_111' title='bbox 1165 2243 1212 2307; x_wconf 89' lang='lat' dir='ltr'><strong>sic</strong></span> <span class='ocrx_word' id='word_1_112' title='bbox 1233 2243 1397 2307; x_wconf 91' lang='lat' dir='ltr'><strong>deceden-</strong></span> 
     </span>
     <span class='ocr_line' id='line_1_16' title="bbox 286 2346 1398 2431; baseline 0 -20"><span class='ocrx_word' id='word_1_113' title='bbox 286 2346 377 2411; x_wconf 90' lang='lat' dir='ltr'><strong>cium</strong></span> <span class='ocrx_word' id='word_1_114' title='bbox 407 2367 588 2431; x_wconf 92' lang='lat' dir='ltr'><strong>agnoscere</strong></span> <span class='ocrx_word' id='word_1_115' title='bbox 618 2354 653 2411; x_wconf 91' lang='lat' dir='ltr'><strong>et</strong></span> <span class='ocrx_word' id='word_1_116' title='bbox 682 2347 795 2411; x_wconf 90' lang='lat' dir='ltr'><strong>subire</strong></span> <span class='ocrx_word' id='word_1_117' title='bbox 825 2347 963 2431; x_wconf 92' lang='lat' dir='ltr'><strong>penitus</strong></span> <span class='ocrx_word' id='word_1_118' title='bbox 988 2354 1199 2423; x_wconf 87' lang='lat' dir='ltr'><strong>recusarunt,</strong></span> <span class='ocrx_word' id='word_1_119' title='bbox 1225 2348 1259 2412; x_wconf 94' lang='lat' dir='ltr'><strong>in</strong></span> <span class='ocrx_word' id='word_1_120' title='bbox 1289 2348 1398 2412; x_wconf 92' lang='lat' dir='ltr'><strong>diuini</strong></span> 
     </span>
     <span class='ocr_line' id='line_1_17' title="bbox 286 2451 1396 2536; baseline 0.001 -21"><span class='ocrx_word' id='word_1_121' title='bbox 286 2451 400 2515; x_wconf 92' lang='lat' dir='ltr'><strong>cultus</strong></span> <span class='ocrx_word' id='word_1_122' title='bbox 421 2452 679 2527; x_wconf 90' lang='lat' dir='ltr'><strong>detrimentum,</strong></span> <span class='ocrx_word' id='word_1_123' title='bbox 703 2451 840 2516; x_wconf 85' lang='lat' dir='ltr'><strong>ecclesie</strong></span> <span class='ocrx_word' id='word_1_124' title='bbox 862 2451 1014 2535; x_wconf 87' lang='lat' dir='ltr'><strong>predicte</strong></span> <span class='ocrx_word' id='word_1_125' title='bbox 1035 2472 1139 2536; x_wconf 92' lang='lat' dir='ltr'><strong>graue</strong></span> <span class='ocrx_word' id='word_1_126' title='bbox 1161 2452 1396 2536; x_wconf 90' lang='lat' dir='ltr'><strong>preiudicium,</strong></span> 
     </span>
     <span class='ocr_line' id='line_1_18' title="bbox 286 2556 1605 2640; baseline 0.004 -21"><span class='ocrx_word' id='word_1_127' title='bbox 286 2556 507 2639; x_wconf 90' lang='lat' dir='ltr'><strong>ipsorumque</strong></span> <span class='ocrx_word' id='word_1_128' title='bbox 529 2556 771 2620; x_wconf 88' lang='lat' dir='ltr'><strong>decedencium</strong></span> <span class='ocrx_word' id='word_1_129' title='bbox 793 2577 862 2620; x_wconf 93' lang='lat' dir='ltr'><strong>non</strong></span> <span class='ocrx_word' id='word_1_130' title='bbox 884 2556 959 2619; x_wconf 90' lang='lat' dir='ltr'><strong>leue</strong></span> <span class='ocrx_word' id='word_1_131' title='bbox 980 2556 1170 2640; x_wconf 91' lang='lat' dir='ltr'><strong>periculum</strong></span> <span class='ocrx_word' id='word_1_132' title='bbox 1192 2557 1395 2633; x_wconf 91' lang='lat' dir='ltr'><strong>animarum,</strong></span> <span class='ocrx_word' id='word_1_133' title='bbox 1411 2565 1546 2637; x_wconf 66' lang='lat' dir='ltr'><strong>statutum</strong></span> <span class='ocrx_word' id='word_1_134' title='bbox 1562 2565 1605 2624; x_wconf 74' lang='lat' dir='ltr'><strong>pn</strong></span> 
     </span>
     <span class='ocr_line' id='line_1_19' title="bbox 286 2634 1603 2746; baseline 0.002 -23"><span class='ocrx_word' id='word_1_135' title='bbox 286 2681 348 2723; x_wconf 92' lang='lat' dir='ltr'><strong>nos</strong></span> <span class='ocrx_word' id='word_1_136' title='bbox 375 2660 479 2744; x_wconf 89' lang='lat' dir='ltr'><strong>igitur</strong></span> <span class='ocrx_word' id='word_1_137' title='bbox 504 2660 696 2744; x_wconf 90' lang='lat' dir='ltr'><strong>capitulum</strong></span> <span class='ocrx_word' id='word_1_138' title='bbox 722 2660 757 2724; x_wconf 92' lang='lat' dir='ltr'><strong>in</strong></span> <span class='ocrx_word' id='word_1_139' title='bbox 783 2660 848 2724; x_wconf 90' lang='lat' dir='ltr'><strong>hac</strong></span> <span class='ocrx_word' id='word_1_140' title='bbox 874 2661 1124 2725; x_wconf 89' lang='lat' dir='ltr'><strong>conuocacione</strong></span> <span class='ocrx_word' id='word_1_141' title='bbox 1149 2661 1297 2745; x_wconf 89' lang='lat' dir='ltr'><strong>generali</strong></span> <span class='ocrx_word' id='word_1_142' title='bbox 1323 2668 1397 2725; x_wconf 85' lang='lat' dir='ltr'><strong>tam</strong></span> <span class='ocrx_word' id='word_1_143' title='bbox 1420 2634 1603 2746; x_wconf 57' lang='lat' dir='ltr'><strong>„„,‡?,{·&#39;J,⁵,d,·s‚</strong></span> 
     </span>
     <span class='ocr_line' id='line_1_20' title="bbox 285 2764 1396 2851; baseline 0.002 -22"><span class='ocrx_word' id='word_1_144' title='bbox 285 2764 531 2849; x_wconf 90' lang='lat' dir='ltr'><strong>indempnitati</strong></span> <span class='ocrx_word' id='word_1_145' title='bbox 553 2764 631 2829; x_wconf 90' lang='lat' dir='ltr'><strong>eccl.</strong></span> <span class='ocrx_word' id='word_1_146' title='bbox 655 2764 807 2849; x_wconf 87' lang='lat' dir='ltr'><strong>predicte</strong></span> <span class='ocrx_word' id='word_1_147' title='bbox 828 2785 934 2849; x_wconf 88' lang='lat' dir='ltr'><strong>quam</strong></span> <span class='ocrx_word' id='word_1_148' title='bbox 956 2765 1110 2830; x_wconf 94' lang='lat' dir='ltr'><strong>omnium</strong></span> <span class='ocrx_word' id='word_1_149' title='bbox 1131 2770 1165 2829; x_wconf 93' lang='lat' dir='ltr'><strong>et</strong></span> <span class='ocrx_word' id='word_1_150' title='bbox 1186 2765 1396 2851; x_wconf 91' lang='lat' dir='ltr'><strong>singulorum</strong></span> 
     </span>
     <span class='ocr_line' id='line_1_21' title="bbox 286 2869 1397 2953; baseline 0.002 -20"><span class='ocrx_word' id='word_1_151' title='bbox 286 2869 321 2933; x_wconf 93' lang='lat' dir='ltr'><strong>in</strong></span> <span class='ocrx_word' id='word_1_152' title='bbox 334 2869 455 2933; x_wconf 89' lang='lat' dir='ltr'><strong>eadem</strong></span> <span class='ocrx_word' id='word_1_153' title='bbox 467 2869 691 2934; x_wconf 86' lang='lat' dir='ltr'><strong>canonicatus</strong></span> <span class='ocrx_word' id='word_1_154' title='bbox 704 2875 738 2933; x_wconf 91' lang='lat' dir='ltr'><strong>et</strong></span> <span class='ocrx_word' id='word_1_155' title='bbox 752 2870 944 2953; x_wconf 89' lang='lat' dir='ltr'><strong>prebendas</strong></span> <span class='ocrx_word' id='word_1_156' title='bbox 957 2870 1191 2935; x_wconf 90' lang='lat' dir='ltr'><strong>obtinencium</strong></span> <span class='ocrx_word' id='word_1_157' title='bbox 1204 2871 1397 2935; x_wconf 92' lang='lat' dir='ltr'><strong>animarum</strong></span> 
     </span>
     <span class='ocr_line' id='line_1_22' title="bbox 286 2973 1397 3058; baseline 0.002 -20"><span class='ocrx_word' id='word_1_158' title='bbox 286 2973 389 3038; x_wconf 91' lang='lat' dir='ltr'><strong>saluti</strong></span> <span class='ocrx_word' id='word_1_159' title='bbox 418 2973 598 3058; x_wconf 89' lang='lat' dir='ltr'><strong>prouidere</strong></span> <span class='ocrx_word' id='word_1_160' title='bbox 625 2974 813 3058; x_wconf 75' lang='lat' dir='ltr'><strong>cupientes</strong></span> <span class='ocrx_word' id='word_1_161' title='bbox 844 2974 886 3038; x_wconf 92' lang='lat' dir='ltr'><strong>de</strong></span> <span class='ocrx_word' id='word_1_162' title='bbox 914 2974 1069 3038; x_wconf 91' lang='lat' dir='ltr'><strong>vnanimi</strong></span> <span class='ocrx_word' id='word_1_163' title='bbox 1097 2974 1289 3051; x_wconf 87' lang='lat' dir='ltr'><strong>voluntate,</strong></span> <span class='ocrx_word' id='word_1_164' title='bbox 1318 2996 1397 3040; x_wconf 90' lang='lat' dir='ltr'><strong>con-</strong></span> 
     </span>
     <span class='ocr_line' id='line_1_23' title="bbox 286 3079 1397 3153; baseline 0.002 -11"><span class='ocrx_word' id='word_1_165' title='bbox 286 3099 397 3153; x_wconf 91' lang='lat' dir='ltr'><strong>sensu,</strong></span> <span class='ocrx_word' id='word_1_166' title='bbox 419 3085 454 3142; x_wconf 87' lang='lat' dir='ltr'><strong>et</strong></span> <span class='ocrx_word' id='word_1_167' title='bbox 473 3099 613 3142; x_wconf 91' lang='lat' dir='ltr'><strong>assensu</strong></span> <span class='ocrx_word' id='word_1_168' title='bbox 632 3079 758 3142; x_wconf 91' lang='lat' dir='ltr'><strong>nostris</strong></span> <span class='ocrx_word' id='word_1_169' title='bbox 777 3084 812 3142; x_wconf 87' lang='lat' dir='ltr'><strong>et</strong></span> <span class='ocrx_word' id='word_1_170' title='bbox 832 3079 1040 3143; x_wconf 90' lang='lat' dir='ltr'><strong>auctoritate</strong></span> <span class='ocrx_word' id='word_1_171' title='bbox 1060 3079 1212 3143; x_wconf 90' lang='lat' dir='ltr'><strong>eiusdem</strong></span> <span class='ocrx_word' id='word_1_172' title='bbox 1230 3100 1397 3144; x_wconf 90' lang='lat' dir='ltr'><strong>conuoca-</strong></span> 
     </span>
     <span class='ocr_line' id='line_1_24' title="bbox 286 3182 1398 3267; baseline 0.002 -21"><span class='ocrx_word' id='word_1_173' title='bbox 286 3183 402 3258; x_wconf 77' lang='lat' dir='ltr'><strong>cioniS,</strong></span> <span class='ocrx_word' id='word_1_174' title='bbox 447 3183 593 3266; x_wconf 89' lang='lat' dir='ltr'><strong>prouida</strong></span> <span class='ocrx_word' id='word_1_175' title='bbox 636 3182 894 3258; x_wconf 88' lang='lat' dir='ltr'><strong>deliberacione,</strong></span> <span class='ocrx_word' id='word_1_176' title='bbox 939 3183 1101 3267; x_wconf 91' lang='lat' dir='ltr'><strong>predictis</strong></span> <span class='ocrx_word' id='word_1_177' title='bbox 1144 3184 1286 3248; x_wconf 87' lang='lat' dir='ltr'><strong>statutis</strong></span> <span class='ocrx_word' id='word_1_178' title='bbox 1329 3205 1398 3248; x_wconf 91' lang='lat' dir='ltr'><strong>non</strong></span> 
     </span>
     <span class='ocr_line' id='line_1_25' title="bbox 286 3287 1399 3372; baseline 0.002 -21"><span class='ocrx_word' id='word_1_179' title='bbox 286 3287 492 3372; x_wconf 90' lang='lat' dir='ltr'><strong>derogando,</strong></span> <span class='ocrx_word' id='word_1_180' title='bbox 526 3287 771 3362; x_wconf 70' lang='lat' dir='ltr'><strong>subtrahendo</strong></span> <span class='ocrx_word' id='word_1_181' title='bbox 805 3308 865 3351; x_wconf 90' lang='lat' dir='ltr'><strong>seu</strong></span> <span class='ocrx_word' id='word_1_182' title='bbox 897 3308 936 3352; x_wconf 89' lang='lat' dir='ltr'><strong>ea</strong></span> <span class='ocrx_word' id='word_1_183' title='bbox 968 3287 1147 3364; x_wconf 90' lang='lat' dir='ltr'><strong>mutand0,</strong></span> <span class='ocrx_word' id='word_1_184' title='bbox 1180 3288 1240 3352; x_wconf 91' lang='lat' dir='ltr'><strong>sed</strong></span> <span class='ocrx_word' id='word_1_185' title='bbox 1272 3289 1399 3353; x_wconf 91' lang='lat' dir='ltr'><strong>eisdem</strong></span> 
     </span>
     <span class='ocr_line' id='line_1_26' title="bbox 286 3391 1399 3478; baseline -0.001 -22"><span class='ocrx_word' id='word_1_186' title='bbox 286 3391 456 3467; x_wconf 90' lang='lat' dir='ltr'><strong>addend0,</strong></span> <span class='ocrx_word' id='word_1_187' title='bbox 479 3391 666 3455; x_wconf 93' lang='lat' dir='ltr'><strong>statuimus</strong></span> <span class='ocrx_word' id='word_1_188' title='bbox 688 3398 722 3455; x_wconf 92' lang='lat' dir='ltr'><strong>et</strong></span> <span class='ocrx_word' id='word_1_189' title='bbox 744 3391 943 3456; x_wconf 90' lang='lat' dir='ltr'><strong>ordinamus</strong></span> <span class='ocrx_word' id='word_1_190' title='bbox 965 3391 1059 3475; x_wconf 90' lang='lat' dir='ltr'><strong>quod</strong></span> <span class='ocrx_word' id='word_1_191' title='bbox 1081 3412 1198 3456; x_wconf 88' lang='lat' dir='ltr'><strong>omnes</strong></span> <span class='ocrx_word' id='word_1_192' title='bbox 1220 3399 1255 3456; x_wconf 88' lang='lat' dir='ltr'><strong>et</strong></span> <span class='ocrx_word' id='word_1_193' title='bbox 1276 3393 1399 3478; x_wconf 85' lang='lat' dir='ltr'><strong>singuli</strong></span> 
     </span>
     <span class='ocr_line' id='line_1_27' title="bbox 285 3495 1400 3582; baseline 0.001 -22"><span class='ocrx_word' id='word_1_194' title='bbox 285 3495 441 3560; x_wconf 90' lang='lat' dir='ltr'><strong>canonici</strong></span> <span class='ocrx_word' id='word_1_195' title='bbox 464 3496 524 3579; x_wconf 91' lang='lat' dir='ltr'><strong>qui</strong></span> <span class='ocrx_word' id='word_1_196' title='bbox 548 3495 740 3580; x_wconf 83' lang='lat' dir='ltr'><strong>prebendas</strong></span> <span class='ocrx_word' id='word_1_197' title='bbox 764 3496 799 3560; x_wconf 94' lang='lat' dir='ltr'><strong>in</strong></span> <span class='ocrx_word' id='word_1_198' title='bbox 824 3496 918 3560; x_wconf 90' lang='lat' dir='ltr'><strong>dicta</strong></span> <span class='ocrx_word' id='word_1_199' title='bbox 941 3495 1082 3560; x_wconf 89' lang='lat' dir='ltr'><strong>ecclesia</strong></span> <span class='ocrx_word' id='word_1_200' title='bbox 1105 3496 1285 3582; x_wconf 85' lang='lat' dir='ltr'><strong>collegiata</strong></span> <span class='ocrx_word' id='word_1_201' title='bbox 1308 3518 1400 3561; x_wconf 92' lang='lat' dir='ltr'><strong>nunc</strong></span> 
     </span>
     <span class='ocr_line' id='line_1_28' title="bbox 286 3599 1399 3686; baseline 0.002 -23"><span class='ocrx_word' id='word_1_202' title='bbox 286 3599 455 3674; x_wconf 87' lang='lat' dir='ltr'><strong>obtinent,</strong></span> <span class='ocrx_word' id='word_1_203' title='bbox 480 3606 514 3663; x_wconf 90' lang='lat' dir='ltr'><strong>et</strong></span> <span class='ocrx_word' id='word_1_204' title='bbox 536 3620 659 3683; x_wconf 89' lang='lat' dir='ltr'><strong>capam</strong></span> <span class='ocrx_word' id='word_1_205' title='bbox 683 3600 881 3664; x_wconf 92' lang='lat' dir='ltr'><strong>huiusmodi</strong></span> <span class='ocrx_word' id='word_1_206' title='bbox 902 3600 1057 3664; x_wconf 93' lang='lat' dir='ltr'><strong>nondum</strong></span> <span class='ocrx_word' id='word_1_207' title='bbox 1080 3600 1260 3676; x_wconf 91' lang='lat' dir='ltr'><strong>dederunt,</strong></span> <span class='ocrx_word' id='word_1_208' title='bbox 1284 3601 1399 3686; x_wconf 91' lang='lat' dir='ltr'><strong>etqui</strong></span> 
     </span>
     <span class='ocr_line' id='line_1_29' title="bbox 286 3704 1398 3789; baseline 0.003 -23"><span class='ocrx_word' id='word_1_209' title='bbox 286 3704 321 3767; x_wconf 95' lang='lat' dir='ltr'><strong>in</strong></span> <span class='ocrx_word' id='word_1_210' title='bbox 352 3709 529 3787; x_wconf 87' lang='lat' dir='ltr'><strong>posterum</strong></span> <span class='ocrx_word' id='word_1_211' title='bbox 561 3704 781 3779; x_wconf 91' lang='lat' dir='ltr'><strong>obtinebunt,</strong></span> <span class='ocrx_word' id='word_1_212' title='bbox 815 3704 935 3768; x_wconf 87' lang='lat' dir='ltr'><strong>statim</strong></span> <span class='ocrx_word' id='word_1_213' title='bbox 966 3711 1088 3788; x_wconf 87' lang='lat' dir='ltr'><strong>postea</strong></span> <span class='ocrx_word' id='word_1_214' title='bbox 1118 3726 1224 3789; x_wconf 91' lang='lat' dir='ltr'><strong>quam</strong></span> <span class='ocrx_word' id='word_1_215' title='bbox 1255 3705 1398 3781; x_wconf 79' lang='lat' dir='ltr'><strong>fructus,</strong></span> 
     </span>
     <span class='ocr_line' id='line_1_30' title="bbox 286 3807 1400 3894; baseline 0.001 -22"><span class='ocrx_word' id='word_1_216' title='bbox 286 3807 451 3882; x_wconf 88' lang='lat' dir='ltr'><strong>redditus,</strong></span> <span class='ocrx_word' id='word_1_217' title='bbox 486 3815 521 3871; x_wconf 87' lang='lat' dir='ltr'><strong>ct</strong></span> <span class='ocrx_word' id='word_1_218' title='bbox 554 3814 745 3891; x_wconf 92' lang='lat' dir='ltr'><strong>prouentus</strong></span> <span class='ocrx_word' id='word_1_219' title='bbox 779 3808 1031 3892; x_wconf 90' lang='lat' dir='ltr'><strong>prebendarum</strong></span> <span class='ocrx_word' id='word_1_220' title='bbox 1065 3829 1206 3873; x_wconf 91' lang='lat' dir='ltr'><strong>suarum</strong></span> <span class='ocrx_word' id='word_1_221' title='bbox 1239 3830 1299 3894; x_wconf 90' lang='lat' dir='ltr'><strong>per</strong></span> <span class='ocrx_word' id='word_1_222' title='bbox 1332 3815 1400 3873; x_wconf 89' lang='lat' dir='ltr'><strong>tres</strong></span> 
     </span>
     <span class='ocr_line' id='line_1_31' title="bbox 287 3911 1435 3998; baseline 0.001 -22"><span class='ocrx_word' id='word_1_223' title='bbox 287 3933 394 3977; x_wconf 94' lang='lat' dir='ltr'><strong>annos</strong></span> <span class='ocrx_word' id='word_1_224' title='bbox 412 3911 553 3996; x_wconf 90' lang='lat' dir='ltr'><strong>pacifice</strong></span> <span class='ocrx_word' id='word_1_225' title='bbox 571 3913 796 3996; x_wconf 87' lang='lat' dir='ltr'><strong>perceperint,</strong></span> <span class='ocrx_word' id='word_1_226' title='bbox 815 3933 876 3977; x_wconf 90' lang='lat' dir='ltr'><strong>seu</strong></span> <span class='ocrx_word' id='word_1_227' title='bbox 893 3934 953 3996; x_wconf 89' lang='lat' dir='ltr'><strong>per</strong></span> <span class='ocrx_word' id='word_1_228' title='bbox 971 3934 1028 3977; x_wconf 90' lang='lat' dir='ltr'><strong>eos</strong></span> <span class='ocrx_word' id='word_1_229' title='bbox 1045 3914 1181 3977; x_wconf 90' lang='lat' dir='ltr'><strong>steterit</strong></span> <span class='ocrx_word' id='word_1_230' title='bbox 1199 3935 1269 3998; x_wconf 93' lang='lat' dir='ltr'><strong>quo</strong></span> <span class='ocrx_word' id='word_1_231' title='bbox 1287 3915 1400 3993; x_wconf 86' lang='lat' dir='ltr'><strong>minus</strong></span> <span class='ocrx_word' id='word_1_232' title='bbox 1431 3938 1435 3946; x_wconf 95' lang='lat'><em>·</em></span> 
     </span>
     <span class='ocr_line' id='line_1_32' title="bbox 287 4016 1400 4101; baseline 0.001 -20"><span class='ocrx_word' id='word_1_233' title='bbox 287 4016 489 4101; x_wconf 87' lang='lat' dir='ltr'><strong>percipiant,</strong></span> <span class='ocrx_word' id='word_1_234' title='bbox 512 4016 783 4100; x_wconf 87' lang='lat' dir='ltr'><strong>capamualoris</strong></span> <span class='ocrx_word' id='word_1_235' title='bbox 805 4017 923 4081; x_wconf 91' lang='lat' dir='ltr'><strong>decem</strong></span> <span class='ocrx_word' id='word_1_236' title='bbox 945 4037 1140 4081; x_wconf 87' lang='lat' dir='ltr'><strong>marcarum</strong></span> <span class='ocrx_word' id='word_1_237' title='bbox 1162 4018 1261 4082; x_wconf 87' lang='lat' dir='ltr'><strong>iuxta</strong></span> <span class='ocrx_word' id='word_1_238' title='bbox 1282 4039 1400 4083; x_wconf 91' lang='lat' dir='ltr'><strong>ueram</strong></span> 
     </span>
     <span class='ocr_line' id='line_1_33' title="bbox 287 4120 1400 4187; baseline 0.001 -2"><span class='ocrx_word' id='word_1_239' title='bbox 287 4128 321 4185; x_wconf 94' lang='lat' dir='ltr'><strong>et</strong></span> <span class='ocrx_word' id='word_1_240' title='bbox 343 4141 562 4185; x_wconf 90' lang='lat' dir='ltr'><strong>communem</strong></span> <span class='ocrx_word' id='word_1_241' title='bbox 584 4120 841 4185; x_wconf 88' lang='lat' dir='ltr'><strong>estimacionem</strong></span> <span class='ocrx_word' id='word_1_242' title='bbox 864 4121 899 4185; x_wconf 95' lang='lat' dir='ltr'><strong>in</strong></span> <span class='ocrx_word' id='word_1_243' title='bbox 920 4142 1022 4186; x_wconf 86' lang='lat' dir='ltr'><strong>vsum</strong></span> <span class='ocrx_word' id='word_1_244' title='bbox 1044 4122 1135 4186; x_wconf 87' lang='lat' dir='ltr'><strong>dicte</strong></span> <span class='ocrx_word' id='word_1_245' title='bbox 1158 4122 1297 4186; x_wconf 89' lang='lat' dir='ltr'><strong>ecclesie</strong></span> <span class='ocrx_word' id='word_1_246' title='bbox 1319 4123 1400 4187; x_wconf 89' lang='lat' dir='ltr'><strong>dare</strong></span> 
     </span>
     <span class='ocr_line' id='line_1_34' title="bbox 264 4225 1400 4312; baseline 0.002 -23"><span class='ocrx_word' id='word_1_247' title='bbox 264 4232 321 4312; x_wconf 88' lang='lat' dir='ltr'><strong>et</strong></span> <span class='ocrx_word' id='word_1_248' title='bbox 348 4225 562 4289; x_wconf 89' lang='lat' dir='ltr'><strong>thesaurario</strong></span> <span class='ocrx_word' id='word_1_249' title='bbox 588 4246 648 4289; x_wconf 92' lang='lat' dir='ltr'><strong>seu</strong></span> <span class='ocrx_word' id='word_1_250' title='bbox 673 4225 954 4289; x_wconf 87' lang='lat' dir='ltr'><strong>subthesaurario</strong></span> <span class='ocrx_word' id='word_1_251' title='bbox 980 4226 1132 4290; x_wconf 92' lang='lat' dir='ltr'><strong>eiusdem</strong></span> <span class='ocrx_word' id='word_1_252' title='bbox 1158 4227 1295 4291; x_wconf 89' lang='lat' dir='ltr'><strong>ecclesie</strong></span> <span class='ocrx_word' id='word_1_253' title='bbox 1321 4248 1400 4292; x_wconf 89' lang='lat' dir='ltr'><strong>cum</strong></span> 
     </span>
     <span class='ocr_line' id='line_1_35' title="bbox 287 4329 1591 4416; baseline 0.002 -24"><span class='ocrx_word' id='word_1_254' title='bbox 287 4330 413 4393; x_wconf 79' lang='lat' dir='ltr'><strong>effectu</strong></span> <span class='ocrx_word' id='word_1_255' title='bbox 444 4329 579 4393; x_wconf 92' lang='lat' dir='ltr'><strong>tradere</strong></span> <span class='ocrx_word' id='word_1_256' title='bbox 610 4335 645 4393; x_wconf 88' lang='lat' dir='ltr'><strong>et</strong></span> <span class='ocrx_word' id='word_1_257' title='bbox 675 4329 817 4393; x_wconf 90' lang='lat' dir='ltr'><strong>liberare</strong></span> <span class='ocrx_word' id='word_1_258' title='bbox 848 4336 1041 4394; x_wconf 88' lang='lat' dir='ltr'><strong>teneantur.</strong></span> <span class='ocrx_word' id='word_1_259' title='bbox 1089 4329 1252 4414; x_wconf 88' lang='lat' dir='ltr'><strong>Alioquin</strong></span> <span class='ocrx_word' id='word_1_260' title='bbox 1282 4331 1311 4395; x_wconf 93' lang='lat' dir='ltr'><strong>si</strong></span> <span class='ocrx_word' id='word_1_261' title='bbox 1341 4352 1401 4416; x_wconf 91' lang='lat' dir='ltr'><strong>per</strong></span> <span class='ocrx_word' id='word_1_262' title='bbox 1438 4337 1591 4386; x_wconf 76' lang='lat' dir='ltr'><strong>Otherwise</strong></span> 
     </span>
     <span class='ocr_line' id='line_1_36' title="bbox 288 4405 1605 4519; baseline 0.002 -22"><span class='ocrx_word' id='word_1_263' title='bbox 288 4434 399 4498; x_wconf 90' lang='lat' dir='ltr'><strong>dictos</strong></span> <span class='ocrx_word' id='word_1_264' title='bbox 422 4439 491 4497; x_wconf 92' lang='lat' dir='ltr'><strong>tres</strong></span> <span class='ocrx_word' id='word_1_265' title='bbox 514 4454 622 4497; x_wconf 91' lang='lat' dir='ltr'><strong>annos</strong></span> <span class='ocrx_word' id='word_1_266' title='bbox 644 4434 830 4498; x_wconf 83' lang='lat' dir='ltr'><strong>inmediate</strong></span> <span class='ocrx_word' id='word_1_267' title='bbox 853 4440 1035 4518; x_wconf 91' lang='lat' dir='ltr'><strong>sequentes</strong></span> <span class='ocrx_word' id='word_1_268' title='bbox 1058 4435 1254 4498; x_wconf 91' lang='lat' dir='ltr'><strong>huiusmodi</strong></span> <span class='ocrx_word' id='word_1_269' title='bbox 1277 4457 1400 4519; x_wconf 89' lang='lat' dir='ltr'><strong>capam</strong></span> <span class='ocrx_word' id='word_1_270' title='bbox 1423 4405 1470 4453; x_wconf 80' lang='lat' dir='ltr'><strong>the</strong></span> <span class='ocrx_word' id='word_1_271' title='bbox 1484 4405 1605 4468; x_wconf 80' lang='lat' dir='ltr'><strong>chapter</strong></span> 
     </span>
    </p>
   </div>
   <div class='ocr_carea' id='block_1_3' title="bbox 1431 4472 1601 4534">
    <p class='ocr_par' dir='ltr' id='par_1_3' title="bbox 1431 4472 1601 4534">
     <span class='ocr_line' id='line_1_37' title="bbox 1431 4472 1601 4534; baseline 0.006 -16"><span class='ocrx_word' id='word_1_272' title='bbox 1431 4485 1497 4534; x_wconf 88' lang='lat' dir='ltr'><strong>may</strong></span> <span class='ocrx_word' id='word_1_273' title='bbox 1511 4472 1601 4520; x_wconf 86' lang='lat' dir='ltr'><strong>retain</strong></span> 
     </span>
    </p>
   </div>
   <div class='ocr_carea' id='block_1_4' title="bbox 288 4537 1605 4727">
    <p class='ocr_par' dir='ltr' id='par_1_4' title="bbox 288 4537 1605 4727">
     <span class='ocr_line' id='line_1_38' title="bbox 288 4537 1605 4652; baseline 0.001 -49"><span class='ocrx_word' id='word_1_274' title='bbox 288 4539 371 4603; x_wconf 89' lang='lat' dir='ltr'><strong>dicti</strong></span> <span class='ocrx_word' id='word_1_275' title='bbox 396 4537 521 4602; x_wconf 89' lang='lat' dir='ltr'><strong>ualoris</strong></span> <span class='ocrx_word' id='word_1_276' title='bbox 545 4538 597 4602; x_wconf 92' lang='lat' dir='ltr'><strong>sic</strong></span> <span class='ocrx_word' id='word_1_277' title='bbox 621 4539 702 4602; x_wconf 93' lang='lat' dir='ltr'><strong>dare</strong></span> <span class='ocrx_word' id='word_1_278' title='bbox 726 4544 761 4602; x_wconf 93' lang='lat' dir='ltr'><strong>et</strong></span> <span class='ocrx_word' id='word_1_279' title='bbox 785 4538 1012 4603; x_wconf 81' lang='lat' dir='ltr'><strong>effectualiter</strong></span> <span class='ocrx_word' id='word_1_280' title='bbox 1035 4538 1178 4602; x_wconf 89' lang='lat' dir='ltr'><strong>liberare</strong></span> <span class='ocrx_word' id='word_1_281' title='bbox 1202 4561 1242 4603; x_wconf 87' lang='lat' dir='ltr'><strong>ac</strong></span> <span class='ocrx_word' id='word_1_282' title='bbox 1266 4540 1400 4604; x_wconf 91' lang='lat' dir='ltr'><strong>tradere</strong></span> <span class='ocrx_word' id='word_1_283' title='bbox 1415 4552 1448 4652; x_wconf 51' lang='lat' dir='ltr'><strong>{fi</strong></span> <span class='ocrx_word' id='word_1_284' title='bbox 1461 4537 1605 4652; x_wconf 64' lang='lat' dir='ltr'><strong>markshroi</strong></span> 
     </span>
     <span class='ocr_line' id='line_1_39' title="bbox 289 4619 1605 4727; baseline 0.001 -20"><span class='ocrx_word' id='word_1_285' title='bbox 289 4642 496 4718; x_wconf 91' lang='lat' dir='ltr'><strong>distulerint,</strong></span> <span class='ocrx_word' id='word_1_286' title='bbox 528 4664 588 4707; x_wconf 91' lang='lat' dir='ltr'><strong>seu</strong></span> <span class='ocrx_word' id='word_1_287' title='bbox 618 4664 736 4708; x_wconf 92' lang='lat' dir='ltr'><strong>eorum</strong></span> <span class='ocrx_word' id='word_1_288' title='bbox 767 4642 890 4727; x_wconf 93' lang='lat' dir='ltr'><strong>aliquis</strong></span> <span class='ocrx_word' id='word_1_289' title='bbox 920 4643 1103 4719; x_wconf 88' lang='lat' dir='ltr'><strong>distulerit,</strong></span> <span class='ocrx_word' id='word_1_290' title='bbox 1135 4649 1263 4708; x_wconf 90' lang='lat' dir='ltr'><strong>extunc</strong></span> <span class='ocrx_word' id='word_1_291' title='bbox 1292 4664 1399 4720; x_wconf 91' lang='lat' dir='ltr'><strong>mora,</strong></span> <span class='ocrx_word' id='word_1_292' title='bbox 1448 4619 1605 4719; x_wconf 26' lang='lat' dir='ltr'><strong>eopqqcenasr</strong></span> 
     </span>
    </p>
   </div>
   <div class='ocr_carea' id='block_1_5' title="bbox 289 4747 1402 4834">
    <p class='ocr_par' dir='ltr' id='par_1_5' title="bbox 289 4747 1402 4834">
     <span class='ocr_line' id='line_1_40' title="bbox 289 4747 1402 4834; baseline -0.001 -21"><span class='ocrx_word' id='word_1_293' title='bbox 289 4747 401 4833; x_wconf 90' lang='lat' dir='ltr'><strong>culpa,</strong></span> <span class='ocrx_word' id='word_1_294' title='bbox 417 4753 452 4812; x_wconf 89' lang='lat' dir='ltr'><strong>et</strong></span> <span class='ocrx_word' id='word_1_295' title='bbox 466 4747 675 4834; x_wconf 84' lang='lat' dir='ltr'><strong>negligencia</strong></span> <span class='ocrx_word' id='word_1_296' title='bbox 688 4747 871 4813; x_wconf 91' lang='lat' dir='ltr'><strong>cuiuslibet</strong></span> <span class='ocrx_word' id='word_1_297' title='bbox 885 4747 933 4812; x_wconf 91' lang='lat' dir='ltr'><strong>sic</strong></span> <span class='ocrx_word' id='word_1_298' title='bbox 946 4768 1016 4812; x_wconf 93' lang='lat' dir='ltr'><strong>non</strong></span> <span class='ocrx_word' id='word_1_299' title='bbox 1030 4747 1146 4812; x_wconf 90' lang='lat' dir='ltr'><strong>dantis</strong></span> <span class='ocrx_word' id='word_1_300' title='bbox 1159 4768 1220 4813; x_wconf 91' lang='lat' dir='ltr'><strong>seu</strong></span> <span class='ocrx_word' id='word_1_301' title='bbox 1233 4749 1402 4813; x_wconf 88' lang='lat' dir='ltr'><strong>tradentis</strong></span> 
     </span>
    </p>
   </div>
   <div class='ocr_carea' id='block_1_6' title="bbox 0 0 1706 5650">
    <p class='ocr_par' dir='ltr' id='par_1_6' title="bbox 0 0 1706 5650">
     <span class='ocr_line' id='line_1_41' title="bbox 0 0 1706 5650; baseline 0 0"><span class='ocrx_word' id='word_1_302' title='bbox 0 0 1706 5650; x_wconf 95' lang='lat' dir='ltr'><strong> </strong></span> 
     </span>
    </p>
   </div>
  </div>
 </body>
</html>
