3392 5650
650 701 744 767 Acrs
768 718 813 766 or
837 700 1016 767 emman.
1326 720 1386 783 131

279 901 357 944 cum
398 880 471 945 Deo
511 882 700 965 poterimus
740 900 950 965 promouere.
999 881 1087 945 Sane
1126 902 1205 946 cum
1245 882 1387 966 quidam

278 983 452 1050 Galfridus
480 985 608 1050 Larder
631 986 711 1049 olim
740 984 931 1051 Canonicus
958 986 1096 1049 ecclesie
1123 992 1238 1050 nostre
1262 986 1384 1071 Colleg.

279 1088 324 1151 b’i
352 1087 499 1152 Wilfridi
528 1089 652 1173 Ripon’
681 1090 858 1174 quandam
886 1090 1084 1155 Cantariam
1111 1098 1315 1175 perpetuam
1342 1091 1387 1155 ad

278 1191 386 1256 altare
413 1192 529 1258 Sancti
557 1193 691 1257 Andree
718 1194 753 1257 in
780 1193 874 1258 dicta
901 1195 1040 1259 ecclesia
1066 1198 1131 1260 sub
1157 1203 1251 1260 certa
1277 1196 1387 1259 forma

278 1296 475 1361 fundauerit
496 1304 530 1361 ot
551 1298 662 1361 eidem
682 1297 841 1362 Cantarie
862 1305 973 1364 certos
993 1305 1101 1364 terras
1121 1306 1156 1365 et
1177 1300 1332 1363 redditus
1352 1300 1387 1363 in

277 1401 366 1464 villis
394 1402 437 1465 de
465 1401 676 1485 Wynkeslay
705 1408 738 1465 et
769 1402 894 1485 Ripon'
924 1403 1057 1467 dederit
1086 1409 1120 1467 et
1149 1404 1385 1489 assignauerit‚

278 1511 380 1588 prout
412 1506 447 1570 in
478 1512 575 1570 carta
605 1506 684 1570 inde
715 1507 874 1571 confecta
904 1508 1038 1591 plenius
1068 1509 1275 1584 continetur,
1308 1510 1386 1573 sub-

277 1617 459 1693 sequenter
476 1611 679 1674 venerabilis
697 1611 750 1674 vir
767 1617 801 1674 ct
819 1611 965 1677 dilectus
982 1613 1017 1675 in
1035 1633 1104 1695 xpo
1121 1612 1210 1678 filius
1227 1613 1386 1678 dominus

278 1715 392 1779 Dauid
428 1716 469 1780 de
504 1715 651 1780 Wollore
686 1715 877 1781 Canonicus
912 1718 1049 1781 ecclesie
1084 1724 1199 1781 nostre
1234 1718 1386 1801 predicte

277 1819 419 1902 prouide
445 1820 628 1883 attendens
653 1819 747 1903 quod
772 1820 927 1886 redditus
952 1828 986 1885 et
1012 1828 1201 1905 prouentus
1227 1822 1385 1888 Cantarie

277 1924 429 2007 predicte
455 1925 515 2008 qui
541 1924 772 2009 quadraginta
797 1926 923 1990 solidos
949 1947 1009 2010 per
1035 1948 1165 1991 annum
1190 1928 1386 1993 nullatenus

278 2029 492 2094 excedebant
513 2030 558 2093 ad
579 2050 765 2114 congruam
786 2031 1078 2096 sustentacionem
1099 2032 1199 2097 vnius
1220 2033 1387 2116 capellani

279 2133 397 2198 diuina
410 2135 444 2198 in
457 2135 577 2198 eadem
590 2135 793 2200 celebraturi
806 2141 840 2198 et
855 2136 899 2200 ad
912 2157 1015 2201 onera
1028 2136 1138 2201 eidem
1150 2137 1388 2202 incumbencia

280 2238 396 2302 debite
422 2239 661 2323 supportanda
687 2239 839 2304 sufficere
870 2261 939 2305 non
971 2247 1135 2325 poterunt
1163 2241 1230 2325 hijs
1256 2242 1387 2318 diebus,

281 2344 443 2428 quodque
477 2344 571 2409 dicta
601 2343 763 2409 Cantaria
793 2350 934 2428 propter
964 2346 1135 2410 notoriam
1166 2346 1318 2430 inopiam
1349 2368 1389 2412 ac

279 2448 557 2513 insufficienciam
601 2455 834 2533 prouentuum
878 2450 1030 2515 eiusdem
1074 2451 1172 2515 stetit
1216 2471 1276 2535 per
1319 2473 1387 2516 non

278 2553 413 2617 modica
448 2560 604 2636 tempora
642 2554 740 2637 quasi
775 2575 886 2619 vacua
921 2561 955 2619 et
991 2554 1156 2630 desolata,
1193 2576 1232 2619 ac
1267 2556 1388 2640 officijs

278 2658 403 2722 diuinis
421 2659 558 2742 penitus
574 2659 755 2733 destituta,
769 2665 803 2722 ct
821 2664 1003 2742 propterea
1015 2659 1070 2742 pie
1088 2657 1254 2722 affectans
1272 2660 1387 2724 huius-

277 2763 370 2828 modi
392 2763 539 2828 exilitati
559 2764 640 2829 noui
662 2764 880 2847 apposicione
900 2762 1038 2847 remedij
1063 2783 1236 2828 occurrere
1257 2763 1387 2830 intuitu

276 2869 442 2946 caritatis
471 2869 515 2933 ad
546 2870 683 2934 laudem
716 2869 779 2932 Dei
810 2873 845 2932 et
877 2867 929 2931 sui
956 2867 1070 2931 cultus
1094 2873 1319 2951 augmentum
1347 2890 1387 2932 ac

277 2974 470 3038 animarum
494 2974 652 3048 salutem,
677 2979 771 3038 certa
795 2971 960 3046 redditus
986 2976 1104 3046 terras
1130 2977 1164 3034 et
1189 2977 1387 3036 tenementa

223 3123 225 3128 -
276 3078 311 3142 in
338 3079 419 3143 villa
446 3079 560 3162 Ripon
586 3078 745 3142 Cantarie
771 3076 923 3161 predicte
949 3075 991 3139 de
1016 3075 1156 3140 licencia
1182 3076 1253 3140 d'ni
1278 3076 1387 3140 nostri

278 3182 403 3267 Regis1
425 3190 459 3247 et
476 3189 618 3247 nostra²
639 3202 678 3245 ac
695 3182 848 3246 omnium
866 3181 1010 3245 aliorum
1026 3201 1173 3264 quorum
1189 3181 1331 3246 interest
1352 3182 1386 3246 in

277 3287 341 3351 hac
362 3293 460 3371 parte
480 3286 680 3371 adquisiuit,
702 3292 736 3349 et
757 3306 797 3350 ea
817 3287 899 3350 d’no
919 3285 1071 3367 Johanni
1092 3284 1183 3349 Clint
1203 3284 1387 3369 Capeliano

277 3391 436 3456 Cantarie
452 3392 604 3475 predicte
619 3396 654 3455 et
669 3391 920 3456 successoribus
935 3389 1004 3454 suis
1020 3389 1212 3472 Capellanis
1228 3388 1387 3454 Cantarie

276 3497 428 3580 predicte
453 3496 571 3561 diuina
594 3496 629 3559 in
654 3495 794 3559 ecclesia
821 3500 940 3559 nostra
967 3494 1029 3580 (57)
1058 3493 1183 3576 Ripon'
1210 3493 1254 3557 ad
1279 3494 1386 3558 altare

276 3601 470 3685 predictum
508 3621 569 3684 pro
606 3600 759 3683 personis
796 3605 830 3663 et
869 3599 1051 3663 animabus
1088 3598 1314 3681 infrascriptis
1351 3599 1386 3663 in

277 3707 387 3770 forma
411 3725 478 3790 que
502 3704 657 3789 sequitur
680 3705 934 3788 imperpetuum
959 3702 1190 3778 celebraturis,
1216 3703 1251 3766 in
1275 3704 1385 3767 vberi·

276 3831 369 3874 orem
415 3808 707 3874 sustentacionem
753 3807 940 3872 eorundem
985 3811 1163 3890 gratanter
1209 3805 1305 3870 dedit
1351 3813 1385 3870 et

276 3913 442 3978 concessit
461 3919 495 3977 et
513 3933 579 3996 perr
591 3933 689 3977 suam
707 3918 839 3975 cartam
857 3912 962 3975 libere
980 3909 1208 3985 confirmauit,
1228 3916 1332 3993 prout
1350 3910 1385 3976 in

276 4024 372 4082 carta
395 4016 591 4082 huiusmodi
614 4016 747 4100 plenius
770 4016 977 4090 continetur,
1002 4021 1037 4078 et
1060 4034 1161 4098 super
1184 4014 1248 4077 hoc
1271 4014 1384 4080 dictus

275 4123 352 4187 d’ns
383 4122 498 4187 Dauid
528 4121 626 4186 nobis
657 4119 832 4184 humiliter
861 4119 1069 4204 supplicauit
1100 4124 1151 4194 vt,
1183 4119 1257 4182 visa
1287 4126 1384 4184 carta

275 4228 430 4312 predicta
469 4233 504 4290 et
544 4225 618 4290 aliis
657 4226 692 4289 in
732 4225 797 4289 hac
836 4230 935 4308 parte
974 4223 1146 4307 requisitis
1185 4222 1383 4289 Cantariam

275 4333 466 4416 predictam
482 4337 516 4395 et
532 4330 786 4395 ordinacionem
801 4329 881 4393 inde
897 4329 1026 4393 factam
1042 4327 1250 4392 auctoritate
1265 4335 1384 4394 nostra

275 4437 447 4501 ordinaria
460 4435 660 4500 confirmare
674 4440 709 4498 et
722 4433 891 4498 ratificare
905 4433 1030 4498 nostris
1044 4432 1150 4496 literis
1163 4453 1359 4498 curaremus
1375 4455 1382 4510 ;

275 4542 378 4607 Cuius
406 4540 546 4625 quidem
574 4545 668 4604 carte
696 4538 779 4603 dicti
808 4538 881 4603 d’ni
909 4536 1024 4602 Dauid
1054 4542 1152 4601 tenor
1180 4557 1240 4621 per
1268 4539 1384 4611 omnia

276 4647 355 4712 talis
373 4652 425 4711 est
442 4666 448 4711 :

347 4801 354 4823 ¹
373 4796 458 4844 Mem.
474 4796 572 4859 Ripon,
588 4794 648 4842 Vol.
664 4794 686 4849 1,
705 4795 761 4841 161.
835 4797 845 4818 ²
863 4791 947 4838 Mem.
963 4790 1062 4852 Ripon,
1078 4789 1138 4837 Vol.
1154 4789 1192 4846 II,
1210 4803 1266 4853 127.

1461 885 1545 933 Galtr.
1575 883 1578 896 ¹

1444 951 1556 1008 Larder,

1445 1019 1491 1066 the
1505 1019 1564 1065 first

1437 1086 1561 1134 founder.

1430 1605 1522 1653 David
1536 1607 1571 1654 (le

1421 1672 1540 1720 Wollore
1554 1672 1576 1719 is

1412 1739 1592 1801 augmenting

1478 1806 1525 1853 the

1407 1873 1593 1931 endowment,

1437 4018 1491 4066 and
1506 4017 1556 4066 bas

1416 4084 1518 4147 sought
1532 4084 1580 4132 the

1435 4151 1562 4200 sanction

1451 4217 1481 4266 of
1493 4218 1541 4266 the

1409 4285 1585 4349 archbishop.
