3392 5650
238 681 280 747 68
530 683 609 747 Tua
634 684 790 748 lnorrssv
813 684 1061 749 Manuscurrr.

237 863 292 927 vie
308 883 375 947 que
391 863 490 928 vadit
506 882 626 927 versus
643 862 791 928 molend.
806 864 861 928 del
874 878 883 907 1
902 864 996 939 Este,
1011 869 1045 927 et
1058 862 1236 947 protendit
1248 882 1354 947 super

237 988 387 1052 mesuag.
413 966 489 1031 Ric.
514 967 627 1051 Scayl,
651 968 761 1032 eidem
783 967 872 1033 Gall.
900 974 935 1032 et
960 968 1029 1033 suis
1057 967 1193 1051 assign,
1218 973 1287 1031 ten.
1315 972 1349 1029 et

237 1072 317 1136 hab.
344 1072 386 1136 de
410 1092 465 1136 me
489 1078 524 1136 et
549 1074 618 1136 her.
645 1093 689 1136 m.
716 1073 750 1137 in
776 1073 877 1137 feodo
899 1078 934 1136 et
958 1072 1160 1147 hereditate,
1186 1071 1290 1134 libere
1315 1076 1350 1134 et

238 1176 354 1260 quiete
371 1177 406 1241 in
424 1197 531 1260 perp„
550 1176 725 1241 reddendo
742 1177 821 1241 inde
839 1178 942 1241 michi
961 1178 1082 1241 ether.
1103 1197 1147 1240 m.
1168 1176 1349 1241 annuatim

238 1301 346 1345 vnum
370 1301 433 1365 par
456 1282 613 1346 albarum
636 1281 862 1347 cirotecarum
887 1282 932 1347 ad
956 1282 1089 1346 Pascha
1111 1301 1174 1364 pro
1198 1280 1291 1343 omni
1315 1299 1350 1343 re

239 1391 273 1449 et
302 1405 388 1450 seru.
419 1392 454 1449 et
483 1386 664 1451 demanda.
713 1387 759 1450 Et
788 1407 850 1471 ego
878 1386 972 1470 pred.
1004 1386 1109 1470 Marg.
1140 1391 1175 1449 et
1204 1385 1273 1448 her.
1304 1404 1349 1449 m.

239 1490 540 1555 warantizabimus
564 1490 657 1574 pred.
684 1489 777 1555 redd.
803 1511 956 1575 prenom.
990 1489 1145 1554 Galfrido
1175 1494 1210 1552 et
1243 1488 1349 1553 eiusd.

238 1594 362 1679 assign.
386 1601 508 1659 contra
530 1615 649 1658 omnes
671 1596 705 1659 in
728 1596 888 1659 omnibus
910 1596 944 1659 in
967 1615 1061 1678 perp.
1109 1594 1164 1658 Ad
1186 1594 1351 1659 maiorem

239 1705 356 1763 autem
389 1699 491 1763 huius
524 1700 572 1762 rei
605 1700 825 1764 securitatem
860 1705 1053 1783 presentem
1086 1705 1219 1763 cartam
1252 1698 1352 1783 sigilli

239 1803 457 1887 apposicione
482 1804 652 1869 roboraui.
700 1803 744 1868 H.
772 1810 797 1868 t.
827 1804 876 1887 (31
899 1806 943 1887 v.)
973 1803 1102 1867 Rob'to
1134 1803 1176 1868 de
1208 1802 1352 1866 Berford

239 1913 323 1971 tunc
348 1908 476 1972 balliuo
502 1908 544 1972 de
571 1908 709 1991 Ripon’,
737 1908 892 1972 Galfrido
918 1908 1056 1983 Clerico,
1085 1907 1208 1971 Nich'o
1234 1907 1350 1982 Ward,

239 2011 369 2076 Rob’to
407 2012 448 2076 de
488 2013 686 2088 Monketon,
728 2012 814 2097 Rog’
857 2013 899 2076 de
939 2012 1150 2096 M'kingfeld,
1186 2012 1273 2096 Rog.
1309 2011 1351 2075 de

238 2115 409 2199 Nunwyk,
433 2117 514 2180 Her'
537 2117 579 2181 de
604 2117 808 2202 M’kington,
833 2116 922 2181 Gilb.
949 2117 991 2180 de
1016 2117 1203 2191 Mortimer,
1225 2115 1351 2199 Joh’ne

238 2220 371 2296 Russel,
405 2221 580 2305 Thorph'o
611 2221 778 2305 pelliper,2
809 2220 916 2285 Gallr.
949 2220 992 2284 de
1023 2219 1159 2305 Gilling,
1193 2220 1266 2284 Ric'
1302 2220 1351 2283 in-

236 2325 442 2401 breuiatore,
464 2331 498 2389 et
517 2326 636 2392 multis
656 2326 739 2391 aliis

637 2493 702 2577 (97)
730 2493 786 2556 DE
811 2509 949 2557 EODEM.

324 2622 425 2687 Omn.
457 2624 548 2687 hom.
580 2623 624 2688 ad
649 2644 736 2708 quos
764 2643 814 2707 pr.
844 2643 906 2688 scr.
936 2623 1140 2705 peruenerit,
1172 2623 1274 2707 Hugo
1303 2622 1348 2687 fil.

229 2726 348 2810 ·Joh’is
367 2727 409 2791 de
428 2727 574 2805 Lanum,
594 2748 642 2792 sa.
668 2728 703 2792 in
728 2728 828 2792 D’no.
877 2726 1052 2791 Noueritis
1070 2748 1125 2791 me
1143 2748 1206 2811 pro
1224 2748 1271 2792 sa.
1294 2748 1348 2792 an.

236 2853 281 2897 m.
306 2839 341 2897 et
365 2854 426 2917 pro
450 2834 632 2899 animabus
655 2832 881 2917 predecessor.
901 2839 936 2897 et
958 2853 1101 2897 success
1127 2854 1171 2897 m.
1197 2853 1290 2897 conc.
1316 2839 1350 2896 et

236 2937 279 3001 de
301 2959 355 3002 me
377 2944 412 3002 et
434 2940 503 3002 her.
528 2959 572 3003 m.
596 2939 667 3023 qui.
692 2939 753 3003 cla.
778 2939 812 3002 in
835 2958 929 3022 perp.
948 2944 983 3002 et
1005 2958 1055 3021 pr.
1074 2957 1136 3002 scr.
1155 2938 1244 3001 conl.
1268 2937 1351 3001 d’no

238 3042 377 3127 Hugoni
402 3042 587 3127 Capeliano
612 3049 647 3107 ct
673 3063 761 3107 succ.
789 3063 814 3106 s,
843 3043 924 3126 Cap.
952 3042 1071 3106 diuina
1096 3042 1350 3106 celebrantibus

238 3147 283 3211 ad
305 3147 412 3211 altare
435 3147 501 3211 S’ci
522 3146 628 3212 Andr.
652 3147 743 3231 Ap'li
765 3148 800 3211 in
822 3147 901 3210 eccl.
926 3147 992 3211 S’ci
1014 3146 1122 3211 Willr.
1146 3146 1188 3210 de
1211 3146 1349 3229 Ripon',

238 3250 310 3335 vjd.
343 3251 498 3316 redditus
529 3272 589 3336 per
620 3273 698 3316 ann.
732 3272 818 3336 quos
850 3251 943 3334 pred.
977 3251 1054 3315 d’ns
1086 3251 1189 3335 Hugo
1219 3251 1350 3314 soluere

237 3355 370 3420 solebat
390 3357 630 3439 prenominato
650 3355 744 3439 Joh’i
763 3356 854 3439 patri
874 3375 950 3418 meo
970 3375 1031 3438 pro
1052 3361 1143 3419 terra
1162 3375 1224 3420 sua
1243 3376 1350 3439 quam

238 3460 344 3524 habet
377 3480 480 3543 super
513 3460 655 3544 Speltre
690 3466 725 3524 et
759 3466 874 3524 totum
907 3460 960 3524 ius
993 3466 1026 3523 et
1060 3459 1222 3524 clamium
1255 3460 1350 3543 quod

237 3584 392 3648 vnquam
414 3565 449 3628 in
471 3564 565 3648 pred.
590 3570 681 3629 terra
703 3565 808 3628 habui
831 3565 886 3627 vel
909 3564 1024 3647 aliquo
1047 3570 1201 3647 tempore
1223 3565 1349 3628 habere

238 3668 353 3751 potui,
374 3669 424 3732 ita
444 3669 514 3732 scil.
536 3668 631 3749 quod
652 3689 713 3733 nec
735 3689 797 3751 ego
817 3669 921 3750 Hugo
942 3689 1004 3732 nec
1026 3668 1149 3750 aliquis
1168 3668 1281 3733 hered.
1303 3689 1348 3733 m.

238 3773 274 3836 in
297 3773 391 3856 pred.
415 3779 506 3838 terra
528 3794 591 3838 nec
614 3774 649 3837 in
666 3773 807 3839 redditu
824 3773 1023 3857 supradicto
1045 3774 1175 3858 aliquid
1196 3773 1277 3839 iuris
1298 3773 1352 3837 vel
1414 3854 1420 3865 Ι

238 3877 350 3942 clamii
381 3878 422 3942 de
451 3885 565 3942 cetero
593 3879 726 3963 exigere
755 3878 811 3942 vel
838 3879 1021 3943 vendicare
1049 3879 1247 3963 poterimus.
1296 3879 1352 3942 Ita.

239 3987 356 4046 tamen
382 3983 477 4066 quod
504 3982 596 4046 idem
623 3982 700 4047 d'ns
730 3983 833 4067 Hugo
860 3989 895 4046 et
922 4003 1039 4047 omnes
1066 3984 1117 4047 sui
1144 4004 1353 4048 successores

239 4085 413 4170 Capellam
440 4087 578 4152 soluant
606 4087 738 4162 dictum
765 4087 940 4152 redditum
968 4089 1148 4152 annuatim
1175 4087 1281 4152 Gallr.
1310 4087 1352 4151 de

239 4191 384 4274 Hewyk‚
402 4191 484 4256 d’no
500 4192 591 4256 illius
608 4192 710 4266 feodi,
729 4193 851 4256 ether.
870 4213 909 4268 s,
929 4193 964 4256 in
985 4213 1079 4277 perp.
1128 4193 1168 4256 In
1190 4194 1286 4257 cuius
1306 4194 1352 4256 rei

240 4301 318 4360 test.
350 4296 429 4362 huic
458 4317 520 4360 scr.
552 4318 640 4381 pres,
671 4297 731 4381 sig.
762 4317 808 4362 m.
840 4297 995 4381 apposui.
1044 4297 1088 4361 H.
1120 4303 1158 4372 t.‚
1189 4296 1278 4362 Gilb.
1310 4297 1352 4361 de

240 4400 427 4475 Mortimer,
459 4400 584 4484 Joh'ne
615 4401 657 4464 de
688 4402 804 4476 Ebor„
837 4400 925 4466 Rob.
958 4401 1000 4465 de
1033 4401 1188 4485 Spenser,
1220 4401 1353 4466 Thoma

240 4504 406 4580 testifer0,
446 4505 550 4570 Walt’
591 4506 633 4571 de
673 4506 882 4581 Roderham,
922 4505 1036 4570 Will'o
1075 4505 1201 4581 Grime,
1241 4506 1352 4571 Alano

240 4609 416 4692 balyman.
438 4610 542 4675 Hem.
564 4610 606 4674 de
625 4610 827 4694 Curtelegio,
848 4617 883 4674 et
902 4610 1020 4674 multis
1040 4610 1123 4675 aliis.

313 4789 319 4811 ¹
340 4784 395 4834 MS.
410 4784 460 4835 has
476 4791 491 4807 ‘⁴
502 4785 567 4836 dil.''
642 4793 652 4813 '·'
670 4785 726 4834 MS.
741 4785 791 4836 has
807 4792 821 4808 ‘'
832 4786 976 4853 polliper.”
