3392 5650
560 691 657 754 Acts
682 708 728 753 or
752 689 943 756 Cunprsrz.
1265 709 1303 772 25

202 864 317 927 decem
357 864 584 948 quadrigatas
619 867 717 928 turbe
751 880 917 948 perpetuo
948 866 1101 950 singulis
1131 866 1234 929 aunis
1265 864 1307 929 de

203 985 299 1027 mora
322 964 477 1027 eiusdem
504 964 585 1029 ville
614 964 825 1047 percipiend.
858 966 906 1028 illi
935 980 968 1030 et
996 964 1181 1029 heredibus
1209 965 1306 1036 suist

202 1062 357 1126 Tenend.
375 1063 417 1127 de
435 1064 536 1127 nobis
551 1064 804 1147 imperpetuum
821 1065 927 1128 libere
939 1078 973 1128 et
989 1064 1114 1146 quiete,
1133 1063 1308 1127 reddendo

204 1162 303 1226 nobis
319 1163 500 1226 annuatim
517 1185 578 1246 pro
595 1164 689 1227 omni
708 1164 858 1228 seruicio
874 1179 906 1228 et
922 1164 1107 1229 exaccione
1124 1164 1305 1228 duodecim

143 1325 145 1328 ,
201 1261 363 1326 denarios
394 1264 583 1328 solvendos
611 1265 653 1328 ad
685 1264 912 1328 Pentecosten
938 1279 970 1328 et
994 1286 1054 1328 sex
1078 1264 1239 1328 denarios
1263 1263 1306 1326 ad

202 1362 325 1425 festum
358 1363 511 1427 Martini.
575 1363 706 1427 Omnia
735 1365 887 1445 predicta
914 1387 991 1429 eum
1024 1365 1239 1428 aisiamentis
1273 1364 1305 1426 in

202 1462 400 1527 introitibus
435 1476 468 1527 et
502 1464 663 1536 exitibus,
700 1464 732 1538 in
776 1465 878 1547 aquis
917 1466 950 1527 in
992 1466 1058 1529 viis
1093 1479 1125 1530 et
1160 1464 1303 1538 semitis,

200 1562 361 1626 dedimus
377 1576 410 1626 et
426 1564 663 1628 concessimus
682 1565 814 1647 prefato
833 1563 936 1626 Petro
952 1574 986 1625 et
1008 1561 1194 1625 heredibus
1218 1560 1302 1634 suis

201 1684 269 1743 que
304 1662 469 1746 Rogerus
492 1664 535 1728 de
561 1664 686 1748 Neuby
710 1664 804 1729 dedit
827 1676 861 1727 et
884 1675 976 1725 carta
1000 1684 1063 1725 sua
1087 1660 1308 1725 confirmauit

206 1763 281 1825 l)eo
298 1776 330 1826 et
347 1763 477 1827 Sancto
495 1763 662 1827 Wilfrido
684 1777 717 1827 et
742 1764 843 1828 nobis
869 1762 901 1824 in
930 1774 1129 1845 perpetuam
1155 1760 1308 1824 elimosi-

203 1883 294 1925 nam.
348 1862 428 1927 Hiis
444 1864 601 1937 testibus,
622 1878 684 1928 etc.

276 2074 346 2153 (22)
371 2072 521 2154 (Gratus
546 2091 592 2136 or
618 2091 738 2136 tusus
763 2091 809 2135 ur
837 2072 971 2135 Roosu
998 2089 1045 2134 m:
1072 2071 1229 2150 Nuuur).

290 2236 411 2299 Sciant
427 2258 560 2310 omues,
581 2251 649 2300 tam
670 2250 846 2319 presentes
868 2258 972 2319 quarn
993 2235 1107 2309 iuturi,
1128 2235 1221 2317 quod
1239 2257 1306 2318 ego

206 2336 370 2419 Rogerus
401 2337 443 2399 de
477 2337 602 2422 Neuby
629 2337 706 2401 dedi
734 2349 766 2400 et
793 2337 948 2401 concessi
976 2349 1009 2400 et
1037 2336 1186 2417 presenti
1215 2350 1308 2399 carta

186 2435 407 2499 'coufirmaui
428 2437 504 2501 Deo
521 2451 554 2501 et
573 2439 704 2501 Sancto
721 2436 888 2500 Wilfrido
912 2450 945 2499 et
968 2436 1147 2500 canonicis
1171 2435 1244 2498 suis
1266 2435 1308 2499 de

206 2536 335 2618 Ripon'
369 2537 402 2599 in
444 2551 644 2620 perpetuam
685 2537 925 2613 elemosinam,
961 2557 1068 2598 unum
1110 2535 1231 2599 toftum
1273 2536 1306 2597 iu

205 2636 330 2720 Neuby
358 2659 398 2701 cx
429 2651 572 2720 utraque
602 2653 696 2720 parte
725 2638 779 2701 vie
807 2658 918 2719 vsque
945 2635 988 2698 ad
1018 2635 1112 2699 Yore
1141 2636 1309 2718 protensit

203 2738 280 2816 (ric)
313 2737 509 2819 proximum
547 2737 631 2801 tofto
671 2737 825 2814 Henrici,
860 2751 893 2799 et
928 2749 995 2799 tres
1026 2755 1124 2798 acras
1155 2749 1241 2799 terre
1274 2736 1307 2798 iu

203 2857 328 2919 campo
359 2838 514 2901 eiusdem
548 2838 640 2912 ville,
670 2839 811 2912 scilicet,
841 2858 944 2898 vnam
977 2858 1090 2900 acram
1121 2836 1153 2898 in
1181 2836 1310 2900 lneroft

203 2951 235 3000 et
260 2937 293 2999 in
318 2937 485 3001 Vttecroit
510 2937 598 3002 inter
621 2951 744 3002 terram
770 2937 939 3013 Simonis,
964 2938 1106 3000 alteram
1132 2957 1247 2999 aeram
1274 2937 1306 2998 in

204 3037 409 3110 'l'ranhoim
441 3059 544 3100 vnam
579 3039 778 3120 perticatam
812 3038 845 3099 in
878 3035 1113 3120 Langlandes,
1140 3040 1177 3099 'et
1203 3057 1305 3098 vnam

205 3137 402 3218 perticatam
423 3137 518 3200 iuxta
535 3139 717 3221 Staynros,
737 3150 770 3202 et
791 3137 970 3200 dimidiam
996 3157 1110 3199 acram
1139 3136 1171 3197 in
1192 3134 1309 3220 Lang-

205 3236 381 3320 layreland
410 3249 443 3299 et
472 3236 505 3298 in
535 3237 785 3301 Schortlandes
818 3236 995 3320 proximas
1027 3248 1115 3299 terre
1146 3257 1213 3317 que
1245 3235 1308 3299 fuit

206 3334 361 3409 Hernici,
382 3335 520 3398 terciam
538 3356 652 3399 aeram
671 3336 714 3399 ad
732 3335 937 3400 Tendelhau
958 3335 1001 3398 de
1021 3334 1198 3398 dominico
1218 3356 1304 3411 me0,

203 3434 382 3498 dimidiam
415 3456 529 3498 acram
558 3449 592 3498 et
619 3458 722 3499 vnam
757 3436 956 3519 perticatam
985 3434 1029 3498 ad
1062 3435 1238 3511 Salhacre,
1273 3449 1309 3500 et

204 3556 307 3597 uuam
342 3535 540 3617 perticatam
578 3536 621 3599 ad
656 3537 879 3621 Brathegata,
914 3535 1090 3618 proximas
1123 3547 1209 3599 terre
1240 3558 1308 3618 que

203 3634 266 3698 fuit
285 3635 440 3699 Henrici.
493 3636 536 3698 Et
554 3650 728 3718 pasturam
748 3638 780 3699 xl
802 3635 921 3699 ouium
944 3648 977 3699 et
1001 3648 1078 3698 octo
1101 3634 1305 3698 animalium

202 3748 235 3798 et
274 3734 377 3799 vuius
411 3736 503 3817 equi,
538 3750 570 3798 et
601 3736 719 3800 decem
751 3735 979 3820 quadrigatas
1010 3737 1109 3799 turbe
1142 3751 1308 3818 perpetuo

202 3834 354 3920 singulis
376 3835 479 3899 annis
501 3835 543 3899 de
567 3857 662 3900 mora
685 3857 762 3900 mea
787 3835 1037 3918 percipiendas.
1088 3835 1245 3899 Tenend.
1266 3835 1308 3900 de

204 3956 258 3998 me
285 3948 318 3997 et
346 3934 532 3999 heredibus
561 3935 647 3999 meis
676 3936 943 4018 imperpetuum,
974 3935 1091 4010 libere,
1119 3935 1244 4017 quiete,
1276 3950 1309 4000 et

202 4034 315 4097 solute
339 4036 383 4098 ab
406 4034 502 4098 omni
527 4035 676 4099 seruicio
699 4049 733 4098 et
755 4036 952 4112 exaccione,
980 4047 1124 4117 excepto
1148 4057 1190 4099 eo
1213 4037 1306 4118 quod

204 4132 323 4216 prefati
350 4132 519 4197 Canonici
548 4136 685 4198 soluent
712 4135 893 4198 annuatim
929 4135 1032 4199 michi
1061 4149 1094 4199 et
1123 4135 1308 4201 heredibus

204 4233 290 4298 meis
334 4235 378 4296 ad
425 4233 548 4297 festum
597 4235 715 4297 Sancti
765 4235 906 4301 Martini
954 4256 1014 4299 sex
1060 4236 1222 4300 denarios
1263 4238 1307 4301 ad

202 4333 429 4415 quietandum
459 4333 667 4398 forinsecum
694 4336 891 4399 seruicium.
958 4335 1028 4399 lsta
1054 4335 1205 4418 predicta
1228 4358 1305 4401 cum

201 4433 417 4497 aisiamentis
436 4433 469 4495 in
494 4433 691 4497 introitibus
716 4447 748 4498 et
771 4435 932 4511 exitibus,
955 4436 987 4498 iu
1014 4437 1080 4500 viis
1104 4450 1138 4501 et
1160 4439 1304 4515 semitis,

202 4554 270 4617 ego
295 4546 328 4597 et
353 4533 496 4597 heredes
522 4533 587 4597 mei
615 4533 692 4597 Deo
715 4547 749 4597 et
773 4538 873 4599 beato
900 4535 1065 4600 Wilirido
1089 4550 1122 4600 et
1147 4539 1308 4620 predictis

203 4632 391 4697 Canonicis
422 4634 582 4697 dedimus
613 4647 646 4697 et
683 4637 932 4713 concessimus,
967 4649 1000 4700 et
1036 4651 1155 4701 contra
1186 4660 1308 4704 omnes

202 4734 536 4818 guarantizabimus.
587 4733 669 4817 Hijs
685 4736 842 4815 testibuS,
862 4749 925 4801 etc.
