3392 5650
378 698 422 763 86
670 699 749 764 Tua
775 678 929 765 norrun
955 698 1202 763 Manuscnrnr.

376 878 496 961 etqui.
514 880 559 943 ab
574 899 665 942 omn.
682 899 769 943 serv.
787 884 822 941 et
837 899 929 942 cons.
947 898 1009 961 pro
1024 877 1160 942 duobus
1175 876 1290 940 solidis
1306 874 1487 939 annuatim

376 981 569 1056 reddendis,
595 1003 640 1047 sc.
667 982 751 1065 xijd.
778 982 823 1047 ad
848 983 946 1046 Pent.
974 988 1008 1045 et
1033 981 1117 1064 xijd.
1144 981 1189 1045 ad
1214 980 1236 1044 f.
1264 979 1295 1044 S.
1324 980 1367 1043 M.
1394 979 1428 1042 in
1454 980 1486 1042 h.

377 1086 424 1148 Et
458 1092 497 1149 vt
535 1087 597 1150 hec
631 1086 776 1150 donacio
815 1092 849 1149 et
888 1086 1061 1150 concessio
1099 1091 1176 1150 rata
1215 1091 1248 1148 et
1287 1084 1489 1147 inconcussa

377 1197 588 1273 permaneat,
610 1191 642 1254 h.
664 1211 726 1254 scr.
748 1191 808 1275 sig.
831 1191 939 1254 nostri
960 1189 1177 1273 apposicione
1197 1187 1486 1252 confirmauimus

378 1293 422 1357 H.
442 1299 480 1368 t..
500 1294 637 1378 Mag'ris
656 1294 695 1358 A.
716 1295 757 1358 de
777 1294 990 1377 Melsaynby,
1011 1293 1043 1376 J.
1065 1293 1233 1366 Roman0,
1253 1290 1292 1355 G.
1313 1292 1355 1356 de
1374 1291 1487 1365 Lard'‚

377 1397 556 1462 Canonicis
589 1398 631 1462 de
665 1398 790 1482 Ripon,
821 1399 1002 1472 Herberto,
1034 1397 1176 1481 Nigello,
1207 1396 1305 1480 Rog',
1338 1396 1487 1470 Matheo,

378 1501 501 1575 Will'0,
551 1502 690 1577 Rob’to,
740 1502 863 1576 Will'0,
913 1501 1038 1584 Joh’ne
1085 1501 1286 1585 Capelianis,
1335 1498 1489 1563 Gilberto

379 1605 536 1680 tinctore,
562 1605 691 1698 Gilb’to
715 1606 757 1670 de
782 1606 969 1680 Mortimer,
995 1605 1099 1670 Walt'
1126 1605 1267 1679 Surreis‚
1294 1603 1423 1668 Emald
1447 1603 1489 1667 de

379 1709 489 1785 Disce,
511 1710 639 1774 Rob’to
657 1710 726 1774 filio
744 1710 865 1786 Thore,
887 1709 1015 1773 Rob'to
1033 1708 1078 1773 fil.
1099 1708 1249 1783 Aldredi,
1269 1714 1304 1771 et
1322 1708 1486 1791 pluribus.

767 1901 855 1983 (131)
883 1899 939 1963 Da
964 1916 1101 1963 nonan.

387 2062 389 2065 ’
465 2055 566 2118 Omn.
597 2054 656 2136 xpi
684 2053 741 2117 fid.
772 2074 821 2137 pr.
852 2059 936 2117 cart.
966 2053 1029 2117 vis.
1059 2053 1112 2116 vel
1143 2053 1234 2127 aud,
1266 2052 1414 2116 Rob’tus
1442 2052 1487 2116 til.

379 2157 480 2221 Rob'i
506 2158 547 2221 de
574 2157 772 2232 Maunieud,
798 2178 845 2221 sa.
873 2157 908 2221 in
934 2157 1035 2221 D'n0.
1084 2157 1228 2221 Nouerit
1253 2156 1346 2221 vniu.
1374 2162 1489 2220 vestra

377 2281 432 2325 me
447 2262 524 2325 ded.
541 2269 575 2325 et
590 2262 660 2346 qui.
677 2262 739 2326 cla.
757 2261 799 2325 de
815 2281 870 2325 me
885 2267 920 2324 et
935 2262 1004 2326 her.
1022 2282 1067 2326 m.
1084 2261 1119 2325 in
1135 2281 1228 2344 perp.
1246 2267 1281 2324 et
1297 2262 1328 2325 h.
1346 2281 1379 2344 p.
1396 2281 1424 2324 c.
1442 2281 1486 2325 m.

377 2366 466 2430 conf.
490 2365 563 2430 Ric.
586 2365 701 2430 Blund
724 2365 766 2429 de
786 2365 930 2449 Auesty,
946 2365 986 2448 (?)
1014 2365 1097 2429 illud
1118 2365 1247 2429 toftum
1271 2385 1489 2448 meumcum

377 2470 518 2533 edificiis
543 2476 577 2533 et
603 2470 821 2554 pertinenciis
847 2470 881 2533 in
907 2469 989 2534 villa
1015 2469 1140 2553 Ripon’
1166 2469 1261 2553 quod
1286 2469 1375 2534 iacet
1400 2469 1490 2532 inter
1550 2479 1552 2484 '

377 2573 532 2657 placeam
562 2574 622 2637 vbi
650 2574 718 2638 sita
747 2580 798 2636 est
828 2573 970 2657 grangia
999 2593 1066 2657 que
1095 2573 1162 2638 iuit
1193 2573 1312 2657 Mag’ri
1342 2572 1416 2636 Ade
1446 2573 1488 2637 de

379 2677 557 2761 Melsanby
575 2685 609 2741 et
628 2683 755 2742 terram
772 2677 950 2762 quondam
968 2676 1159 2742 Normanni
1177 2677 1231 2741 del
1249 2678 1346 2741 Hom
1388 2677 1488 2761 Quod

378 2802 423 2847 sc.
456 2782 585 2847 toftum
616 2802 678 2867 ego
708 2782 821 2847 dictus
853 2781 1007 2867 Rogerus
1037 2782 1143 2847 habui
1174 2781 1215 2846 de
1246 2781 1337 2846 dono
1369 2781 1504 2867 Mag'ri,

379 2886 490 2969 Joh'is
524 2887 670 2950 Romani
704 2887 881 2970 quondam
914 2886 1076 2951 Canonici
1110 2886 1234 2970 Ripon'
1269 2886 1360 2950 Eccl.
1394 2886 1489 2970 quod

379 2991 446 3055 tuit
476 2990 579 3054 Will’i
609 2991 654 3055 fil.
686 2990 842 3066 Gilberti,
871 2997 939 3055 ten.
969 2997 1003 3054 et
1034 2991 1112 3054 hab.
1144 2991 1208 3055 eid.
1244 2990 1316 3055 Ric.
1353 2997 1387 3054 et
1420 2991 1493 3055 eius
1551 3027 1553 3032 .

380 3095 562 3160 heredibus
583 3095 637 3159 vel
658 3095 781 3180 assign.
805 3095 847 3159 de
868 3095 1043 3178 prebenda
1064 3116 1131 3180 que
1153 3095 1219 3159 fuit
1242 3095 1361 3180 Mag'ri
1383 3094 1495 3177 Joh’is

381 3199 536 3283 predicti,
557 3199 643 3264 adeo
662 3201 759 3274 bene,
780 3199 812 3264 li.
834 3205 869 3262 et
888 3199 958 3283 qui.
979 3199 1069 3264 sicut
1088 3220 1150 3284 ego
1171 3199 1319 3264 Rob'tus
1339 3220 1494 3284 vnquam

381 3303 502 3368 melius
522 3309 557 3366 et
578 3303 716 3367 liberius
736 3303 830 3387 pred.
850 3304 980 3367 toftum
1000 3324 1079 3367 cum
1099 3309 1186 3387 pert.
1206 3304 1301 3368 tenui
1322 3310 1357 3367 et
1378 3309 1494 3367 tenere

382 3408 552 3482 deberem,
587 3413 691 3491 prout
725 3413 876 3471 testatur
908 3414 1005 3472 carta
1038 3428 1144 3492 quam
1178 3429 1240 3493 ego
1275 3408 1368 3492 pred.
1405 3407 1492 3471 Rob.

382 3511 488 3576 habui
523 3511 564 3575 de
599 3512 758 3595 Capitulo
782 3511 918 3595 ,Ripon'
954 3512 1033 3576 eccl.
1068 3511 1178 3596 sigillo
1211 3512 1317 3576 eiusd.
1353 3511 1495 3595 capituli

383 3615 543 3700 sigillata,
557 3635 618 3699 per
635 3636 742 3699 quam
754 3621 888 3679 cartam
907 3636 976 3679 vna
995 3635 1074 3679 curn
1092 3621 1193 3688 carta⁴
1207 3637 1284 3680 mea
1302 3610 1495 3700 predictum

384 3719 456 3783 Ric.
494 3719 528 3782 in
563 3719 751 3802 plenariam
786 3719 961 3783 constituo
996 3719 1253 3802 possessionem.
1304 3719 1495 3784 Reddendo

382 3823 461 3887 inde
482 3823 663 3888 annuatim
684 3823 849 3888 canonico
870 3823 961 3887 dicte
982 3824 1154 3907 prebende
1175 3824 1233 3909 qui
1256 3845 1318 3907 pro
1339 3830 1495 3907 tempore

382 4038 417 4095 et
437 4031 526 4095 med.
549 4031 593 4096 ad
613 4031 635 4096 f.
659 4031 690 4096 S.
714 4031 758 4096 M.
780 4031 815 4095 in
835 4032 868 4096 h.
890 4052 952 4115 pro
973 4032 1132 4096 omnibus
1152 4052 1239 4096 serv.
1262 4039 1296 4096 et
1317 4032 1405 4096 dem.
1427 4053 1495 4115 que

383 4136 474 4200 dicte
502 4141 590 4199 terre
618 4135 770 4200 accidere
798 4136 941 4219 possint.
990 4137 1036 4199 Et
1064 4136 1189 4200 sciend.
1219 4137 1314 4220 quod
1342 4157 1404 4220 pro
1431 4136 1496 4200 hac

384 4240 573 4304 donacione
594 4245 629 4303 et
650 4240 720 4323 qui.
745 4240 806 4304 cla.
831 4246 866 4303 et
888 4260 974 4323 pres.
998 4246 1092 4304 carte
1114 4241 1377 4305 confirmacione
1400 4240 1496 4304 dedit

384 4344 488 4408 michi
516 4343 671 4426 prefatus
700 4343 769 4407 scil.
796 4343 857 4408 xls,
884 4343 1026 4428 argenti.
1075 4344 1183 4420 Vnde,
1205 4364 1248 4408 ne
1274 4344 1351 4429 quis
1375 4350 1497 4408 contra

385 4448 473 4513 hanc
505 4468 618 4512 meam
650 4448 875 4512 donacionem
908 4453 942 4511 et
973 4448 1043 4532 qui.
1077 4447 1139 4512 cla.
1174 4448 1289 4512 uenire
1321 4448 1428 4532 possit
1461 4448 1496 4512 in

385 4557 571 4636 posterum,
602 4552 691 4616 hanc
719 4572 806 4635 pres.
836 4557 969 4616 cartam
998 4541 1134 4634 prefato
1164 4552 1237 4617 Ric.
1268 4553 1339 4617 fieri
1369 4552 1431 4616 ieci
1461 4558 1496 4615 et

384 4657 444 4742 sig.
473 4677 517 4721 m.
547 4656 764 4740 apposicione
791 4656 961 4720 roboraui.
1004 4656 1053 4738 (41
1076 4657 1120 4740 v.)
1170 4657 1213 4722 H.
1244 4663 1268 4721 t.
1298 4657 1428 4742 Mag'ro
1455 4655 1494 4720 G.

384 4761 427 4826 de
446 4760 546 4826 Lard’
567 4767 602 4826 et
620 4761 751 4828 ceteris
