3392 5650
638 693 732 758 Acrs
756 710 802 759 or
825 691 1005 759 Canama.
1317 704 1377 773 175

511 874 599 957 (258)
629 873 834 956 (Certificate
858 873 894 937 of
916 872 1137 955 Admission).

358 991 533 1056 Vniuersis
557 1043 563 1055 .
589 1042 595 1055 .
620 989 702 1065 Nos
725 989 924 1073 Capitulum
949 1042 954 1055 .
981 1042 986 1054 .
1012 990 1179 1054 Rob’tum
1202 989 1311 1052 Merot
1334 988 1378 1052 ad

270 1096 435 1160 vicariam
458 1115 532 1160 can.
558 1095 655 1159 Preb.
681 1094 723 1158 de
746 1095 904 1158 Sharrow
928 1147 934 1159 .
962 1146 968 1159 .
993 1116 1025 1178 p.
1051 1115 1112 1158 res.
1138 1093 1209 1157 d’ni
1232 1092 1310 1176 Joh.
1336 1092 1378 1155 de

271 1200 430 1265 Fulforth
456 1252 462 1264 .
492 1252 498 1264 .
525 1204 708 1264 vacantem
736 1251 742 1263 .
771 1252 777 1263 .
804 1198 1016 1273 admisimus
1040 1204 1107 1274 etc„
1133 1218 1170 1261 as
1193 1196 1231 1260 io
1255 1196 1319 1261 No.
1346 1214 1376 1261 2.

272 1304 405 1388 2Apr.,
428 1322 522 1387 1399.

273 1436 361 1517 (259)
397 1433 512 1515 (Form
529 1433 564 1496 ol
580 1433 681 1497 letter
696 1434 893 1518 presenting
909 1454 953 1496 an
971 1432 1105 1516 acolyte
1122 1439 1158 1496 to
1175 1433 1234 1496 the
1251 1431 1380 1514 Bishop

315 1539 350 1603 of
366 1539 523 1602 Durham
547 1538 600 1601 for
623 1537 843 1620 ordination).

357 1654 551 1719 Venerabili
573 1655 608 1717 in
632 1675 701 1737 xpo
723 1654 814 1737 patri
837 1659 872 1717 et
896 1653 988 1729 d'n0,
1013 1653 1094 1718 d'no
1116 1653 1153 1717 T.
1179 1652 1243 1717 Dei
1264 1652 1378 1737 gracia

271 1759 493 1824 Dunelmensi
517 1760 604 1842 ep'o,
629 1759 681 1823 sui
705 1758 851 1822 humiles
875 1764 909 1821 et
934 1758 1051 1822 deuoti
1075 1757 1273 1842 Capitulum
1297 1756 1375 1821 eccl.
1393 1730 1453 1860 BPD

271 1863 352 1928 Coll.
376 1864 525 1947 Rypon’,
547 1863 758 1927 reuerencias
778 1868 812 1925 et
833 1862 978 1926 honores
999 1862 1133 1926 debitos
1154 1868 1254 1926 tanto
1274 1862 1376 1945 patri,

271 1968 322 2032 W.
338 1967 380 2031 de
394 1968 432 2031 B.
448 1967 631 2031 accolitum
642 1973 799 2031 nostrum
810 1966 899 2029 inter
909 1987 971 2030 nos
982 1966 1113 2030 diucius
1124 1972 1375 2041 conuersatum,

270 2071 450 2156 diligenter
470 2091 572 2154 super
592 2072 676 2145 vita,
699 2070 889 2146 literatura,
912 2076 946 2134 et
968 2071 1120 2136 moribus
1141 2071 1377 2135 examinatum

269 2182 304 2240 et
334 2177 531 2259 probatum,
562 2175 765 2258 paternitati
795 2180 908 2238 vestre
938 2181 1185 2258 presentamus,
1218 2181 1377 2260 rogantes

269 2280 440 2344 attencius
458 2286 492 2343 et
511 2279 636 2343 deuote
654 2285 825 2363 quatenus
843 2279 976 2343 dictum
994 2279 1153 2344 clericum
1172 2280 1216 2344 ad
1234 2279 1376 2344 titulum

269 2390 304 2448 et
329 2384 622 2468 presentacionem
647 2389 802 2447 nostram
828 2382 873 2447 ad
898 2404 1016 2447 omnes
1040 2384 1217 2448 vlteriores
1242 2384 1377 2449 ordines

269 2509 331 2571 pro
353 2495 393 2553 vt
414 2488 540 2573 gradus
562 2488 668 2571 ipsius
690 2487 795 2571 exigit
818 2493 853 2550 et
875 2487 1017 2571 requirit
1039 2508 1099 2571 per
1120 2488 1376 2572 imposicionem

269 2599 463 2665 vestrarum
489 2613 663 2656 sacrarum
689 2612 856 2655 manuum
882 2612 1082 2675 promouere
1108 2592 1221 2657 velitis
1247 2593 1377 2657 intuitu

269 2698 434 2761 caritatis.
481 2696 604 2761 Valeat
627 2696 817 2779 paternitas
840 2702 955 2760 vestra
978 2717 1038 2779 per
1060 2702 1216 2781 tempora
1238 2697 1272 2760 in
1295 2697 1376 2761 d’no

268 2801 412 2866 feliciter
426 2801 627 2866 successiua.
677 2800 717 2864 ln
734 2821 762 2865 c.
781 2820 806 2864 r.
826 2806 851 2865 t.
870 2800 929 2886 sig.
948 2822 981 2865 n.
1000 2821 1086 2884 pres.
1105 2806 1156 2865 est
1173 2821 1374 2886 appensum.

269 2907 349 2972 Dat.
368 2907 403 2970 in
419 2907 523 2970 domo
539 2907 613 2970 n’ra
629 2904 818 2989 Capitulari
834 2906 968 2970 decimo
984 2905 1038 2970 die
1054 2907 1179 2971 mensis
1196 2907 1373 2972 Decembr.

267 3011 368 3075 Anno
388 3011 469 3074 D'ni
490 3010 632 3075 Mill’mo
648 3019 766 3075 cccc¹¹¹⁰
784 3010 942 3093 septimo

271 3139 358 3223 (260)
382 3139 496 3222 (Form
514 3138 549 3202 ol
572 3139 701 3203 similar
718 3139 820 3222 letter
837 3146 874 3203 to
892 3139 950 3203 the
968 3140 1118 3224 Chapter
1135 3142 1170 3205 ol
1194 3143 1289 3206 York
1306 3142 1378 3205 sede

312 3246 469 3329 vacante).

355 3348 615 3413 Venerabilibus
648 3349 729 3412 viris
762 3349 922 3432 Capitulo
954 3350 1032 3414 cccl.
1067 3351 1114 3413 b’i
1148 3351 1240 3415 Petri
1273 3353 1376 3416 Ebor.

269 3453 408 3516 Decano
422 3452 574 3517 eiusdem
588 3454 623 3516 in
637 3454 777 3517 remotis
792 3459 925 3538 agente,
941 3475 981 3517 ac
995 3454 1074 3518 sede
1088 3455 1378 3540 Archiepiscopali

269 3557 420 3621 eiusdem
436 3563 594 3633 vacante,
612 3558 717 3622 vestri
734 3557 879 3622 humiles
896 3563 930 3622 et
948 3557 1065 3622 deuoti
1082 3559 1280 3643 Capitulum
1296 3560 1375 3626 eccl.

269 3660 391 3745 Colleg.
430 3661 567 3744 Ripon',
604 3661 848 3738 obedienciam,
886 3663 1126 3740 reuerenciam,
1163 3671 1198 3728 et
1233 3665 1378 3729 honores

269 3765 403 3829 debitos
435 3766 543 3829 tantis
574 3766 666 3841 viris,
699 3765 864 3830 dilectum
894 3773 1052 3831 nostrum
1083 3769 1118 3832 in
1150 3791 1219 3853 xpo
1250 3770 1378 3836 Will’m

270 3869 443 3945 Marchall,
468 3870 662 3945 accolitum,
686 3869 845 3934 clericum
870 3877 1026 3936 nostrum
1048 3872 1138 3937 inter
1159 3895 1222 3938 nos
1245 3874 1377 3940 diucius

269 3980 521 4049 conuersatum,
543 3973 723 4058 diligenter
742 3994 844 4057 super
860 3974 945 4050 vita,
962 3975 1151 4053 literatura,
1170 3984 1204 4041 et
1225 3981 1377 4045 moribus

269 4078 506 4143 examinatum
529 4084 563 4142 et
586 4079 829 4161 approbatum,
854 4078 1084 4144 dominacioni
1107 4089 1220 4146 vestre
1242 4105 1377 4167 presen-

270 4188 359 4258 tant,
398 4188 557 4267 rogantes
594 4183 766 4247 attencius
803 4188 837 4246 et
875 4183 1000 4248 deuote
1036 4192 1208 4269 quatenus
1246 4188 1377 4254 dictum

269 4287 429 4350 clericum
445 4286 490 4350 ad
507 4286 649 4351 titulum
666 4293 700 4351 et
717 4288 1011 4370 presentacionem
1027 4297 1182 4355 nostram
1199 4293 1243 4356 ad
1261 4314 1378 4358 omnes

269 4411 382 4454 sacros
413 4390 548 4454 ordines
578 4411 640 4474 pro
671 4397 710 4455 ut
740 4391 867 4476 gradus
898 4392 1003 4475 ipsius
1034 4395 1139 4479 exigit
1170 4402 1205 4460 et
1236 4399 1378 4483 requirit

269 4494 462 4578 promoueri
485 4494 598 4558 velitis
621 4495 751 4560 intuitu
774 4495 938 4560 caritatis
986 4496 1109 4563 Valeat
1131 4506 1247 4565 vestra
1270 4502 1377 4568 domi-

1455 999 1530 1048 1399·

1440 1055 1505 1117 Apr.
1522 1067 1545 1102 2.

1456 1676 1531 1723 1407,

1455 1744 1493 1778 ec.
1516 1743 1554 1778 10.

1458 1797 1590 1859 langley.

269 4599 368 4663 nacio
385 4599 582 4663 veneranda
600 4619 660 4682 per
678 4606 834 4683 tempora
853 4599 996 4664 feliciter
1013 4602 1048 4666 in
1066 4604 1157 4668 D'no
1175 4608 1376 4673 successiua.
1445 4590 1448 4597 ’

271 4703 311 4767 ln
333 4724 361 4767 c.
385 4723 410 4767 r.
435 4709 460 4768 t.
483 4703 543 4788 sig.
572 4725 605 4768 n.
631 4724 718 4787 pres.
739 4709 791 4768 est
811 4724 1012 4788 appensum.
1060 4707 1141 4773 Dat.
1166 4709 1201 4773 in
1226 4710 1280 4776 do,
1304 4713 1379 4777 n’ra

270 4806 453 4890 capitulari
476 4808 588 4891 primo
612 4808 666 4872 die
690 4829 795 4874 mens,
820 4809 982 4874 Decemb.
1004 4809 1106 4875 Anno
1130 4813 1211 4877 D’ni
1235 4815 1378 4881 Mill'mo
1498 4844 1500 4848 ·

271 4921 386 4978 cccc¹¹¹⁰
403 4911 562 4998 septimo.
