3392 5650
621 608 895 674 CARTULARY.

549 711 974 778 armenam:
1265 724 1307 791 45

203 900 419 971 perpetuum.
463 889 507 952 Et
523 888 551 952 si
569 888 751 972 contingat
769 888 957 971 predictam
972 885 1170 951 Cantariam
1186 905 1308 949 vacare

203 1008 263 1070 per
287 1001 431 1053 mortem
460 1010 521 1053 seu
550 989 827 1073 resignacionem
855 988 997 1071 predicti
1023 986 1093 1050 d’ni
1120 984 1304 1060 willelmi,

201 1102 284 1152 tunc
300 1090 382 1152 volo
398 1088 491 1171 quod
512 1110 580 1173 ego
605 1089 658 1152 vel
685 1089 828 1152 heredes
854 1088 919 1152 mei
944 1087 1051 1150 alium
1078 1085 1306 1168 Capellanum

204 1189 379 1265 idoneum,
412 1187 501 1251 infra
527 1187 726 1269 quindecim
760 1187 834 1252 dies
865 1210 886 1250 a
917 1200 1073 1269 tempore
1102 1185 1221 1249 mortis
1247 1206 1308 1249 seu

203 1287 468 1371 resignacionis,
502 1287 546 1350 ad
592 1287 738 1351 eandem
779 1287 979 1352 Cantariam
1014 1298 1218 1369 presentem,
1254 1285 1307 1348 vel

203 1400 401 1471 presentent
426 1387 588 1470 Capitulo
612 1388 702 1451 beati
729 1386 885 1451 Wilfridi
911 1388 953 1451 de
980 1385 1110 1468 Ripon,
1132 1406 1192 1468 per
1214 1384 1308 1468 quod

202 1488 342 1571 quidem
388 1487 587 1570 Capitulum
628 1488 709 1550 volo
747 1487 841 1568 quod
883 1487 1057 1570 predictus
1097 1484 1309 1568 Capellanus

202 1588 404 1651 admittatur
419 1600 452 1651 et
469 1587 677 1663 instituatur,
694 1600 727 1649 et
740 1587 789 1650 sic
802 1587 844 1650 de
863 1587 988 1652 herede
1002 1607 1080 1652 meo
1094 1587 1128 1648 in
1147 1584 1308 1649 heredem

203 1688 294 1752 etde
310 1707 510 1751 successore
528 1687 561 1749 in
582 1707 817 1751 successorem
843 1687 893 1765 (in
920 1688 1169 1770 perpetuum).1
1216 1684 1309 1747 Volo

202 1788 310 1852 eciam
332 1800 365 1851 et
388 1787 541 1851 concedo
566 1807 628 1869 pro
653 1799 764 1850 meet
789 1787 904 1850 hered.
926 1808 970 1851 m.
991 1787 1084 1871 quod
1109 1787 1138 1851 si
1162 1806 1231 1869 ego
1255 1782 1308 1847 vel

204 1888 318 1952 hered.
359 1888 425 1951 mei
466 1887 499 1949 in
540 1886 659 1969 aliqua
693 1888 880 1951 vacacione
915 1888 1160 1971 contingentes
1193 1887 1246 1967 (20
1260 1891 1309 1970 v.)

204 1987 338 2051 remissi
356 1988 409 2051 vel
430 1986 643 2070 necligentcs
665 1986 833 2050 fuerimus
857 1987 900 2050 ad
926 1980 1203 2070 presentandum
1222 1987 1310 2051 inira

203 2099 342 2169 tempus
359 2086 543 2149 limitatum
561 2107 582 2149 a
598 2098 753 2169 tempore
767 2087 966 2151 vacacionis
980 2108 1041 2151 seu
1056 2088 1309 2172 resignacionis

203 2199 239 2248 vt
260 2186 450 2269 predictum
476 2198 537 2262 est,
565 2186 658 2268 quod
684 2185 888 2268 Capitulum·
911 2187 1096 2268 (ecclesie)1
1121 2186 1163 2251 de
1190 2188 1308 2270 Ripon

203 2286 348 2350 eandem
390 2284 569 2367 Capellam
609 2306 686 2349 cum
727 2286 837 2362 terris,
880 2287 1098 2364 tenementis,
1134 2300 1242 2370 prato,
1277 2302 1310 2351 et

204 2386 337 2450 redditu
370 2385 532 2468 predictis
562 2385 606 2448 ad
647 2385 833 2468 predictam
875 2385 1073 2449 Cantariam
1114 2387 1307 2452 faciendam

202 2486 306 2549 alicui
353 2485 545 2568 Capellano
592 2484 718 2548 idoneo
763 2484 917 2549 conferat
965 2486 1023 2548 illa
1062 2485 1136 2550 vice
1175 2489 1309 2569 absque

203 2585 481 2650 contradiccione
499 2584 564 2648 mei
584 2586 636 2648 vel
656 2584 770 2648 hered.
792 2606 960 2662 meorum,
981 2587 1080 2649 saluo
1106 2586 1207 2650 nobis
1223 2587 1310 2650 alias

199 2685 278 2769 jure
303 2684 523 2768 presentandi
548 2705 626 2747 cum
653 2697 790 2766 tempus
815 2686 1012 2750 vacaciouis
1036 2684 1207 2749 acciderit.
1266 2686 1311 2750 Et

204 2807 272 2871 ego
296 2798 328 2850 et
353 2785 496 2850 heredes
521 2784 586 2848 mei
614 2784 765 2867 predicta
790 2786 983 2870 mesuagia,
1011 2798 1129 2862 terras,
1158 2799 1306 2869 pratum,

204 2899 236 2950 et
265 2885 447 2962 redditum,
478 2906 555 2948 cum
589 2885 754 2948 omnibus
785 2886 859 2949 suis
892 2886 1124 2968 pertinenciis,
1157 2887 1309 2968 predicto

204 2985 285 3048 d'no
303 2984 465 3048 Will’mo
481 2997 514 3048 et
532 2985 792 3048 successoribus
816 2985 890 3049 suis
915 2984 1115 3067 Capellanis
1140 2986 1173 3048 in
1199 2986 1309 3049 forma

206 3084 357 3167 predicta
384 3097 504 3148 contra
531 3104 653 3148 omnes
684 3096 808 3167 gentes
835 3085 1139 3148 warantizabimus
1171 3085 1204 3147 in
1235 3106 1310 3168 per-

206 3197 359 3266 petuum.
411 3185 450 3246 In
468 3184 567 3247 cuius
592 3183 638 3247 rei
663 3182 901 3246 testimonium
928 3183 1017 3246 hanc
1040 3196 1168 3247 cartam
1195 3205 1307 3248 meam

205 3285 239 3346 in
271 3297 340 3348 tres
373 3297 486 3366 partes
517 3283 590 3347 fieri
622 3282 685 3346 feci
717 3283 879 3359 diuisam,
911 3282 954 3346 ad
986 3304 1133 3365 quarum
1166 3284 1306 3367 quidem

205 3406 309 3447 vnam
340 3398 470 3467 partem
504 3404 607 3466 quam
641 3384 722 3446 volo
746 3383 839 3464 quod
866 3403 972 3465 penes
998 3382 1188 3466 predictum
1213 3383 1306 3446 d'nm

205 3482 343 3547 Will'm
375 3496 408 3548 et
442 3505 660 3548 successores
694 3505 778 3546 suos
815 3495 1002 3560 remaneat,
1043 3482 1087 3546 Et
1121 3483 1229 3546 eciam
1265 3484 1308 3547 ad

204 3584 308 3647 aliam
329 3596 459 3666 partem
477 3583 633 3648 eiusdem
651 3604 755 3665 quam
774 3583 855 3646 volo
872 3582 966 3665 quod
984 3603 1090 3665 penes
1108 3582 1308 3666 Capitulum

205 3687 286 3749 eccl.
318 3684 359 3748 de
387 3683 505 3766 Ripon
532 3683 565 3745 in
591 3683 806 3746 thesauraria
829 3704 893 3745 sua
918 3683 952 3744 in
979 3696 1179 3764 perpetuam
1206 3684 1310 3748 huius

207 3786 252 3849 rei
294 3783 496 3848 memoriam
537 3783 771 3863 (remaneat),¹
804 3782 961 3866 sigillum
1000 3804 1114 3846 meum
1146 3785 1306 3867 apposui.

205 3890 330 3954 Tercio
358 3909 440 3952 vero
465 3887 564 3970 parti,
592 3908 696 3969 quam
726 3887 807 3949 volo
836 3886 923 3948 mihi
951 3899 984 3950 ct
1010 3883 1196 3947 heredibus
1225 3884 1311 3948 meis

207 4010 395 4066 remanere,
434 3987 554 4071 sigillo
594 3986 734 4069 predicti
776 3985 949 4049 Willelmi
988 4004 1156 4068 appense.
1231 3983 1311 4046 Hiis

206 4090 363 4164 testibuS,
401 4086 482 4151 d'no
512 4085 611 4170 Joh’e
649 4085 691 4149 de
732 4085 930 4169 Marmyon,
965 4084 1047 4149 d'no
1088 4083 1231 4166 Rogero
1270 4084 1311 4147 de

208 4189 382 4273 Nunwyk,
413 4187 495 4250 d’no
527 4185 672 4249 Simone
697 4184 821 4262 Ward,
849 4184 1011 4247 Will’mo
1036 4183 1078 4246 de
1104 4183 1307 4259 Monketon,

206 4288 332 4352 Will’o
370 4288 412 4351 de
450 4285 602 4358 Atdfetd
639 4285 763 4368 J0h'ne
797 4285 955 4362 Huberd,
992 4282 1117 4347 Nich'o
1151 4282 1308 4360 Huberd,

206 4388 369 4452 Will'mo
396 4388 552 4461 tinctore,
583 4397 616 4449 et
640 4385 728 4448 aliis.
781 4385 861 4447 Dat.
892 4384 985 4466 apud
1017 4383 1135 4464 Ripon
1166 4383 1198 4444 in
1224 4383 1312 4447 festo

209 4487 352 4550 Natiuit.
381 4486 471 4550 beati
496 4485 606 4570 Juh’is
632 4485 732 4568 Bapt.
764 4485 871 4547 Anno
902 4483 983 4546 D'ni
1014 4474 1136 4546 mil'l’io
1163 4495 1312 4547 trescen-

206 4589 330 4653 tesimo
358 4587 524 4651 vicesimo
548 4585 712 4662 secund0,
739 4597 772 4649 et
795 4605 890 4647 anno
915 4583 1013 4668 regni
1039 4582 1132 4666 regis
1150 4582 1311 4646 Edwardi

207 4689 268 4769 (fil.
291 4688 382 4772 regis
402 4686 591 4767 Edwardi)1
609 4686 732 4768 quinto
749 4685 884 4748 decimo
901 4682 1053 4746 finiente.

202 4804 206 4810 ’
273 4818 281 4840 ¹
300 4813 423 4867 Inserted
437 4814 514 4862 later.
