3392 5650
346 732 411 780 210
629 716 708 782 Tua
734 716 890 782 lumbar
914 714 1161 779 blanuscum.

346 894 389 958 de
401 894 554 960 Allerton
574 895 661 979 (δίον
676 896 710 961 in
727 895 901 960 Shirwode
914 892 1125 958 celebrandis
1141 912 1203 976 pro
1215 891 1326 957 salute
1342 892 1461 957 anime

346 1019 431 1074 mee,
465 1007 647 1083 parentum
681 1021 720 1064 ac
753 999 1013 1063 benefactorum
1046 1017 1211 1072 meorum,
1245 1017 1377 1061 necnon
1412 996 1460 1061 ad

348 1102 572 1169 distribuend.
597 1105 686 1169 inter
707 1124 875 1188 pauperes
897 1103 1035 1177 ibidem,
1059 1100 1135 1185 xijs.
1185 1100 1274 1165 Item
1296 1101 1371 1187 lego
1393 1122 1459 1185 pro

347 1207 589 1272 emendacione
618 1208 797 1274 cuiusdam
827 1207 974 1272 fenestre
1003 1206 1037 1270 in
1067 1205 1208 1270 ecclesia
1237 1204 1391 1289 predicta
1422 1205 1456 1270 in

348 1309 484 1394 Capella
505 1314 605 1376 beate
627 1312 732 1376 Marie
751 1312 879 1376 ibidem
900 1318 934 1375 et
955 1309 1146 1375 remocione
1165 1309 1335 1395 ymaginis
1354 1310 1459 1374 beate

349 1414 453 1478 Marie
481 1416 606 1480 ibidem
635 1417 679 1481 ad
707 1437 812 1480 comu
841 1414 986 1489 altaris‚2
1014 1414 1102 1497 xiijs.
1132 1413 1216 1497 iiijd.
1265 1413 1354 1478 Item
1381 1413 1460 1499 lego

348 1518 501 1584 Roberto
513 1520 699 1606 Flemyngj
713 1520 845 1604 peciam
857 1520 1071 1592 deauratam,
1084 1517 1117 1601 iij
1132 1518 1238 1582 bolles
1249 1518 1291 1582 de
1302 1523 1458 1603 argente,

135 1607 292 1723 ὃῆᾙιῗὲζῗ
302 1622 333 1655 or
348 1622 369 1706 ij
399 1622 507 1689 Selers
533 1625 575 1688 de
601 1631 754 1709 argento,
781 1631 815 1688 et
842 1623 888 1706 xij
917 1644 1009 1687 noua
1035 1621 1199 1686 Cocliaria
1224 1622 1267 1686 de
1292 1621 1457 1707 Argento.

349 1726 438 1792 Item
450 1728 525 1814 lego
537 1730 581 1794 ad
593 1729 725 1794 dictum
739 1729 847 1793 altare
859 1729 960 1792 beate
973 1727 1078 1790 Marie
1090 1746 1198 1790 vnum
1209 1726 1460 1791 vestimentum

347 1831 464 1897 album
477 1853 555 1897 cum
567 1833 680 1898 calice.
730 1834 818 1897 Item
831 1832 906 1917 lego
918 1849 980 1915 pro
992 1831 1090 1895 obitu
1103 1830 1296 1906 annuatim,
1309 1831 1461 1895 durante

346 1937 493 2001 termino
505 1938 646 2022 triginta
659 1958 838 2012 annorum,
853 1957 915 2020 pro
927 1936 1037 2000 salute
1050 1935 1163 2000 anime
1175 1955 1259 2011 mee,
1273 1941 1460 2019 parentum

347 2061 386 2104 ac
406 2042 665 2106 benefactorum
685 2062 839 2106 meorum
859 2041 987 2105 ibidem
1007 2040 1253 2114 continuand0,
1274 2039 1336 2104 lxs.
1357 2039 1458 2122 viijd.

348 2145 436 2208 Item
449 2146 523 2230 lego
536 2146 666 2211 Thorne
679 2146 803 2229 Emlay
816 2145 859 2209 de
871 2145 1025 2208 Allerton
1040 2142 1124 2226 (sic),
1137 2143 1225 2227 xiijs.
1241 2142 1325 2227 iiijd.
1367 2143 1460 2209 Item

345 2248 420 2333 lego
457 2250 556 2314 vxori
593 2250 736 2335 predicti
774 2249 918 2313 Roberti
956 2248 1121 2333 Flemyng
1157 2248 1167 2331 j
1207 2248 1339 2331 peciam
1375 2268 1457 2313 curn

345 2361 549 2438 coopertura
572 2354 615 2419 de
638 2361 790 2440 argento,
814 2353 825 2436 j
852 2355 941 2418 boxe
965 2353 1007 2417 de
1031 2358 1173 2435 argento
1197 2372 1259 2435 pro
1282 2351 1417 2435 specijs,
1442 2353 1453 2436 j

348 2458 502 2523 forcelett
533 2480 611 2523 cum
642 2460 794 2542 perelesa
824 2465 859 2521 et
891 2457 967 2540 alijs
998 2456 1197 2539 necessariis
1220 2456 1318 2521 infra.
1367 2457 1459 2521 Item

348 2562 487 2627 cuilibet
520 2583 625 2648 puero
657 2563 740 2627 dicti
774 2562 893 2626 Rob'ti
926 2561 1103 2646 Flemyng‚
1137 2581 1212 2625 xxs,
1261 2560 1351 2625 item
1381 2560 1459 2645 lego

349 2667 494 2751 xpoforo
509 2668 766 2752 Maynyngham
780 2666 942 2730 seruienti
957 2686 1044 2740 men,
1065 2664 1075 2748 j
1099 2664 1230 2749 peciam
1246 2664 1288 2729 de
1302 2671 1457 2750 argente,

348 2772 358 2854 j
388 2787 567 2848 murram,4
592 2771 626 2856 vj
651 2772 816 2837 coclearia
836 2776 1007 2857 argentea,
1028 2790 1136 2835 vnum
1156 2789 1294 2855 equum,
1315 2776 1350 2834 et
1370 2768 1405 2836 C.
1430 2790 1456 2836 s.

350 2878 439 2941 Item
461 2877 536 2962 lego
557 2877 638 2941 d'no
661 2877 795 2962 Rogero
815 2875 987 2951 Marshall,
1005 2874 1192 2958 capellano,
1215 2874 1224 2958 j
1247 2881 1401 2958 portwss
1423 2882 1457 2939 et

349 2982 410 3047 xls.
459 2982 548 3045 Item
582 2982 656 3066 lego
691 2981 819 3044 Rob’to
853 2980 987 3043 Norton
1021 2979 1095 3054 xls,
1130 2985 1164 3043 et
1198 2978 1314 3043 relaxo
1347 2978 1458 3044 eidem

350 3085 503 3149 Roberto
527 3085 611 3149 alios
636 3085 697 3150 xls.
724 3106 810 3170 quos
835 3085 907 3167 ipse
932 3083 1035 3147 michi
1060 3083 1209 3147 debebat
1233 3103 1275 3147 ex
1300 3083 1456 3167 prestito

351 3190 438 3253 Item
470 3190 544 3274 lego
576 3190 678 3253 Petro
709 3188 797 3253 Coco
828 3209 906 3253 meo
936 3188 971 3251 in
1002 3188 1145 3272 regardo
1175 3187 1267 3252 vltra
1297 3188 1458 3253 salariam

348 3314 457 3369 suam,
480 3293 592 3377 xxvjs.
615 3293 713 3377 viijd.
761 3294 851 3357 Item
872 3292 946 3377 lego
967 3292 1116 3356 Will'mo
1138 3292 1275 3376 Philipp
1295 3292 1458 3357 seruienti

348 3418 425 3464 meo
457 3398 501 3461 ad
534 3398 777 3462 inueniendum
809 3418 889 3461 eum
921 3397 965 3461 ad
997 3396 1117 3471 scolaS,
1151 3396 1212 3460 xls.
1261 3397 1351 3461 Item
1382 3397 1458 3483 lego

349 3502 498 3566 Will'mo
520 3509 557 3566 at
580 3502 693 3567 Wodd
715 3502 760 3566 ad
782 3501 1002 3566 iueniendum
1030 3501 1142 3585 ipsum
1165 3501 1209 3565 ad
1234 3500 1343 3565 scolas
1365 3501 1459 3566 vltra

349 3606 506 3670 denarios
534 3627 595 3690 pro
623 3627 663 3670 eo
692 3612 857 3690 receptoS,
887 3626 961 3670 xxs.
1010 3606 1099 3669 Item
1127 3605 1202 3690 lego
1232 3604 1329 3668 Ric'o
1357 3604 1460 3670 Collis

350 3711 377 3774 si
397 3710 651 3775 continuauerit
672 3711 705 3774 in
725 3710 868 3775 seruicio
888 3730 964 3774 meo
984 3730 1092 3794 vsque
1112 3709 1156 3773 ad
1176 3709 1311 3774 obitum
1329 3730 1457 3786 meum,

350 3814 414 3898 vjs.
447 3814 542 3898 viijd.
575 3815 666 3879 vltra
696 3814 856 3879 salariam
886 3835 994 3878 suam.
1044 3815 1132 3878 Item
1163 3814 1237 3898 lego
1267 3814 1459 3899 Margarete

350 3918 494 3983 Alwodd
529 3918 570 3983 de
606 3920 827 3984 pontefracto
862 3939 935 3983 xxs.
984 3919 1074 3982 Item
1108 3918 1182 4003 lego
1217 3917 1299 4001 xliiij
1336 3918 1370 3983 li.
1395 3939 1459 4004 pro

148 4061 319 4108 nmersham.
350 4022 533 4107 Capellano
554 4024 599 4088 ad
620 4023 811 4088 celebrand.
834 4023 869 4087 in
891 4022 1031 4087 ecclesia
1052 4025 1103 4087 be.
1128 4022 1233 4086 Marie
1254 4021 1296 4086 de
1317 4022 1459 4088 Amote-

350 4128 448 4191 sham
483 4128 518 4191 in
554 4128 798 4212 principalibus
834 4127 930 4190 festis
967 4133 1001 4191 et
1047 4126 1122 4211 alijs
1167 4126 1380 4210 temporibus
1413 4127 1459 4192 ad

350 4232 577 4296 exercendum
603 4232 757 4296 studium
785 4232 819 4295 in
846 4231 1072 4295 vniuersitate
1098 4231 1232 4296 Oxonie
1259 4230 1458 4337 pervisum

417 4333 581 4423 ¹—Ollerton
594 4384 610 4416 a
619 4369 751 4432 chapelry
763 4369 790 4416 in
802 4368 851 4416 the
864 4368 958 4431 parish
969 4368 999 4415 oi
1012 4368 1207 4423 Edwinstowe,
1220 4373 1294 4416 must
1309 4367 1343 4417 be
1353 4373 1457 4417 meant.

417 4464 427 4486 ²
447 4459 580 4508 Brackets
605 4460 648 4507 for
672 4460 776 4520 images
801 4460 856 4508 still
883 4461 987 4508 remain
1014 4460 1041 4507 in
1068 4460 1116 4508 the
1141 4464 1201 4508 east
1226 4460 1302 4508 walls
1327 4460 1356 4509 oi
1380 4475 1458 4510 some

344 4539 486 4588 cburches.

417 4635 426 4665 ³
445 4632 467 4678 A
481 4630 554 4678 little
570 4635 584 4652 ‘¹
595 4631 682 4678 forces
691 4631 707 4652 ”
722 4645 753 4679 or
766 4631 851 4678 cotier
864 4631 931 4678 with
945 4631 1043 4693 pearls

415 4729 425 4757 ⁴
445 4725 466 4769 Α
481 4736 535 4785 cup
550 4723 631 4770 made
644 4722 673 4770 ot
687 4737 777 4771 mazer
790 4737 821 4770 or
834 4723 1061 4787 spotted‘maple.

414 4818 424 4852 ⁵
442 4815 466 4861 Α
480 4814 610 4879 porthors
622 4828 653 4861 or
666 4815 804 4878 breviary.
