3392 5650
196 2941 324 2989 1410—11.

202 2997 270 3044 Mar.
286 2997 309 3043 8.

370 702 433 787 164
654 703 733 769 Tua
758 703 914 768 Inorrar
938 702 1184 767 Manuscmrr.

368 884 438 948 d'ni
459 884 569 967 Joh'is
589 884 871 968 Brommesgrnue
890 882 1003 946 vltimi
1022 881 1184 946 Canonici
1203 888 1237 945 et
1257 880 1479 965 prebendarij

368 989 553 1053 eorundem
580 1009 640 1073 per
665 988 807 1053 modum
833 995 868 1052 et
894 1008 936 1052 ex
963 1008 1066 1051 causa
1092 986 1359 1070 permutacionis
1384 985 1482 1050 facte

368 1113 446 1157 cum
470 1094 675 1157 canonicatu
700 1094 734 1157 in
759 1092 838 1156 eccl.
866 1091 947 1156 Coll.
975 1091 1013 1155 B.
1029 1091 1084 1155 M.
1111 1090 1275 1155 Suthwell
1299 1096 1333 1154 et
1358 1110 1409 1175 pr.
1437 1089 1482 1155 de

369 1196 636 1261 Nortlileuerton
672 1198 704 1260 in
740 1197 871 1271 eadem,
904 1217 991 1280 quos
1023 1201 1061 1259 tu
1093 1194 1252 1279 primitus
1283 1194 1479 1279 optinuisti,

368 1307 542 1375 vacantes,
568 1309 601 1365 et
627 1302 689 1365 tibi
716 1321 776 1385 per
799 1300 1119 1365 reuerendissimum
1136 1299 1170 1363 in
1190 1319 1260 1383 xpo
1283 1303 1419 1383 patrem
1444 1304 1480 1363 et

368 1404 464 1469 d'nm
497 1405 585 1470 n'rm
614 1405 710 1469 d'nm
735 1405 840 1469 Henr.
867 1425 973 1488 perm.
999 1403 1116 1468 diuina
1141 1404 1243 1468 Ebor.
1268 1402 1479 1488 Archiep'm,

369 1509 467 1595 Angl.
490 1510 674 1593 primatem
695 1516 728 1572 et
751 1509 871 1593 ap'lice
892 1508 981 1572 sedis
1002 1509 1154 1593 legatum
1175 1528 1341 1573 excausa
1362 1507 1481 1573 huius-

370 1614 463 1677 modi
498 1614 766 1697 permutacionis
801 1613 955 1677 faciende
990 1612 1142 1687 collatos,
1179 1619 1213 1676 te
1249 1612 1480 1688 admittimus,

370 1717 501 1802 tibique
519 1718 658 1782 stallum
677 1719 711 1782 in
728 1718 832 1781 choro
851 1724 884 1780 et
902 1717 1015 1781 locum
1031 1717 1065 1781 in
1082 1716 1235 1800 capitulo
1253 1716 1480 1801 assignamus

369 1827 404 1884 et
426 1828 461 1884 te
483 1822 517 1885 in
540 1822 750 1906 corporalem
773 1821 1021 1905 possessionem
1043 1820 1134 1884 dicte
1156 1820 1328 1904 prebende
1349 1841 1429 1884 cum
1453 1842 1479 1886 S.

368 1925 433 2010 jur.
464 1932 498 1990 et
526 1932 612 2010 pert.
642 1926 809 1990 vniuersis
836 1946 898 2009 per
925 1924 1020 1989 d'nm
1046 1925 1183 2007 Joh'em
1209 1924 1364 1989 Redenes
1392 1925 1482 1989 Sub·

370 2031 621 2094 thesaurarium
648 2031 726 2095 eccl.
755 2030 826 2093 n're
853 2029 946 2113 pred.
976 2029 1157 2093 actualiter
1182 2028 1298 2094 induci
1324 2029 1480 2105 fecimus,

369 2134 513 2217 juribus
538 2135 766 2209 libertatibus,
792 2141 826 2197 et
849 2133 1156 2198 consuetudinibus
1180 2134 1305 2197 nostris
1333 2139 1368 2197 et
1397 2133 1480 2200 eccl.

370 2239 442 2302 n're
469 2238 621 2322 predicte
650 2259 689 2303 ac
717 2239 788 2302 iure
816 2238 958 2302 alterius
985 2238 1230 2322 cuiuscumque
1257 2238 1292 2301 in
1320 2238 1483 2303 omnibus

370 2363 504 2426 semper
530 2343 643 2407 saluis.
693 2344 733 2407 In
761 2363 788 2407 c.
819 2362 844 2407 r.
875 2348 900 2407 t.
929 2342 989 2428 sig.
1018 2363 1051 2407 n.
1081 2362 1167 2426 pres.
1197 2346 1249 2406 est
1277 2361 1481 2426 appensum.

371 2447 452 2512 Dat.
484 2447 609 2531 Ripon'
639 2447 673 2511 in
703 2447 757 2511 do,
788 2468 820 2511 n.
852 2467 902 2511 ca.
933 2446 1024 2530 xiiijo
1052 2446 1106 2510 die
1136 2448 1238 2512 Marc.
1269 2446 1370 2511 Anno
1399 2446 1482 2512 D’ni

371 2551 421 2613 Μο
436 2564 555 2616 cccc¹¹¹⁰
574 2550 661 2635 xiijo.

370 2763 420 2843 64
481 2758 569 2843 (244)
594 2756 870 2821 Tesrnuenrun
894 2756 1027 2820 Mnn’m
1050 2756 1131 2819 Ana
1154 2757 1388 2821 Fennorum.

416 2923 457 2986 In
491 2922 555 2986 Dei
589 2922 737 2997 nomine,
773 2922 894 2987 Amen.
942 2924 1077 2987 Octauo
1111 2923 1165 2987 die
1200 2925 1325 2989 mensis
1360 2925 1477 3010 Marcij

371 3026 472 3090 Anno
513 3027 594 3090 D'ni
636 3027 789 3090 Mill'imo
830 3039 949 3091 ccccm0
984 3027 1126 3103 decime,
1165 3027 1327 3113 Magister
1366 3029 1481 3094 Adam

371 3131 560 3194 Fenrother
575 3131 759 3195 canonicus
775 3137 810 3195 et
826 3131 1072 3215 prebendarius
1088 3131 1206 3196 altaris
1223 3132 1288 3197 S'ci
1306 3133 1481 3198 Michaelis

371 3235 406 3298 in
433 3235 511 3299 eccl.
540 3234 621 3299 Coll.
649 3236 682 3299 b.
711 3235 821 3317 Joh'is
848 3236 1024 3300 Beuerlaci
1050 3236 1205 3300 condidit
1231 3243 1480 3303 testamentum

372 3359 472 3403 suum
497 3339 773 3423 nuncupatiuum
798 3339 870 3403 siue
895 3340 1054 3404 vltimam
1078 3341 1297 3406 voluntatem
1320 3362 1419 3406 suam
1445 3344 1480 3408 in

372 3443 464 3506 hunc
479 3442 632 3508 modum.
681 3444 721 3507 In
746 3444 864 3527 primis
886 3445 1106 3509 comendauit
1123 3446 1273 3510 animam
1290 3466 1388 3511 suam
1405 3448 1481 3512 Deo

373 3547 624 3630 omnipotenti,
654 3547 761 3611 Beate
789 3548 894 3611 Marie
923 3548 1063 3633 Virgini,
1093 3555 1127 3613 et
1156 3550 1315 3616 omnibus
1342 3552 1484 3628 sanctis,

375 3656 410 3714 et
444 3671 567 3734 corpus
602 3672 702 3715 suum
737 3652 963 3716 ecclesiastice
998 3653 1181 3736 sepulture.
1231 3655 1321 3719 Item
1355 3655 1484 3741 legauit

374 3755 527 3819 Waltero
544 3776 626 3819 coco
644 3775 707 3820 suo
725 3776 830 3820 vnam
849 3777 1001 3822 vaccam.
1050 3758 1096 3821 Et
1114 3758 1245 3822 Thome
1264 3758 1484 3844 Bedlyngton

374 3880 479 3924 vnam
505 3880 658 3936 vaccam,
683 3865 718 3924 et
744 3860 894 3925 Will'mo
918 3861 1045 3925 Clime1
1071 3883 1179 3926 vnum
1203 3883 1340 3946 equum.
1389 3865 1485 3928 Resi-

373 3963 482 4028 duum
494 3984 575 4028 vero
588 3964 742 4028 omnium
756 3965 925 4029 bonorum
937 3986 1087 4041 suorum,
1102 3965 1259 4030 deductis
1272 3966 1484 4033 funeralibus

373 4068 540 4152 expensis
563 4073 598 4131 et
619 4067 745 4132 debitis
765 4068 835 4132 suis
856 4068 1006 4152 plenarie
1026 4069 1158 4146 solutis,
1181 4070 1276 4134 dedit
1297 4077 1332 4135 et
1353 4072 1483 4157 legauit

374 4173 503 4236 Rob'to
534 4172 693 4236 Whitton
725 4180 760 4236 et
791 4172 941 4237 Will'mo
974 4173 1148 4257 Hydwyn,
1181 4195 1268 4259 quos
1299 4176 1482 4241 constituit

373 4281 571 4341 executores
595 4277 762 4360 presentis
786 4278 986 4342 testamenti
1010 4279 1239 4362 nuncupatiui
1264 4279 1337 4344 siue
1361 4280 1482 4345 vltime

372 4400 432 4446 sue
475 4381 676 4446 voluntatis.
725 4381 803 4465 Hijs
846 4382 1004 4458 testibus
1049 4381 1131 4446 d'no
1173 4383 1325 4448 Will'mo
1369 4385 1480 4462 Lund,

372 4484 559 4569 capellan0,
600 4484 749 4549 Will’mo
789 4484 910 4561 Grene,
946 4492 981 4549 et
1020 4486 1162 4571 Steph'o
1198 4487 1350 4571 Wylton.
1399 4490 1479 4556 Dat.

373 4589 546 4654 Beuerlac.
567 4589 622 4654 die
641 4594 676 4653 et
695 4610 786 4654 anno
805 4590 1034 4675 supradictis„

444 4795 451 4818 ¹
471 4791 509 4843 Or
522 4790 617 4847 Cluue,
631 4807 662 4840 or
675 4790 761 4842 Clune
774 4791 783 4842 ἓ
