3392 5650
696 705 927 772 (auroram.
1327 724 1368 791 75

648 886 736 969 (108)
763 886 819 950 DE
844 903 981 951 EODEM.

345 1004 447 1069 Omn.
480 1003 538 1087 xpi
569 1003 626 1068 fid.
659 1003 703 1068 ad
733 1024 820 1088 quos
849 1024 899 1087 pr.
932 1023 993 1067 sor.
1026 1003 1230 1087 peruenerit,
1263 1003 1370 1068 Rob’s

258 1106 485 1191 Dispensator
501 1108 543 1172 de
561 1106 698 1192 Ripon’,
713 1108 860 1173 salutem
877 1107 911 1172 in
925 1107 1016 1172 D’no
1028 1107 1283 1191 sempiternam.
1305 1106 1367 1193 (35)

257 1210 432 1276 Noueritis
456 1233 511 1277 me
536 1210 613 1277 ded.
640 1217 674 1275 et
700 1212 823 1297 assign.
846 1232 908 1297 pro
933 1232 980 1277 sa.
1005 1211 1118 1276 anime
1143 1232 1227 1286 mee,
1249 1210 1368 1276 lumin’

255 1316 308 1380 be.
336 1316 441 1381 Marie
466 1316 500 1381 in
525 1316 616 1381 Eecl.
643 1316 685 1380 de
711 1316 836 1401 Ripon’
862 1315 934 1400 vjd.
962 1315 1067 1381 annui
1092 1316 1256 1391 redditus,
1282 1336 1370 1401 quos

255 1423 397 1507 Juliana
421 1425 491 1490 filia
515 1424 619 1489 Walt.
647 1424 688 1489 de
713 1424 890 1509 Westegat
915 1424 1036 1489 reddet
1060 1444 1122 1507 pro
1147 1429 1239 1489 terra
1262 1445 1368 1509 quam

254 1528 284 1592 ei
310 1529 399 1594 dedi.
447 1529 534 1593 Volo
559 1529 678 1604 eciam,
705 1534 769 1593 etc.
820 1529 946 1608 (Pouer
970 1534 1000 1592 to
1026 1528 1169 1592 distroire
1193 1549 1231 1592 os
1256 1529 1294 1592 in
1318 1529 1369 1593 the

252 1633 340 1716 last).
404 1634 452 1698 Ut
493 1640 611 1699 autem
651 1634 713 1697 hec
753 1654 830 1698 mea
870 1633 1015 1698 donacio
1061 1633 1165 1697 robur
1210 1633 1367 1717 optineat

252 1744 470 1821 perpetuum,
504 1758 590 1822 pres.
625 1758 687 1802 scr.
721 1737 780 1822 sig.
815 1758 860 1801 m.
895 1737 1049 1821 apposui.
1099 1736 1143 1801 H.
1179 1742 1202 1801 t.
1238 1737 1367 1822 Mag’ro

252 1841 366 1906 Will’o
388 1841 556 1918 Wikwan‚
581 1841 694 1906 Will'o
716 1841 758 1906 de
780 1841 971 1916 Thornton,
995 1840 1108 1905 Will'o
1130 1839 1172 1905 de
1195 1840 1365 1918 Bokland,
1462 1905 1464 1912 .

253 1944 375 2011 Nich'o
397 1945 562 2022 Bemard,
581 1946 706 2030 Joh'ne
728 1946 770 2010 de
792 1946 896 2022 Ebor,
914 1945 1055 2010 Walter'
1079 1945 1120 2010 de
1142 1945 1309 2031 Westgat,
1331 1953 1366 2011 et

252 2049 337 2115 aliis

642 2144 730 2226 (109)
757 2141 814 2206 DE
839 2159 977 2207 EODEM.

338 2258 513 2324 Vniuersis
537 2258 596 2343 xpi
620 2258 677 2323 fid.
704 2279 790 2342 pres.
816 2259 933 2324 literas
957 2258 1080 2323 visuris
1104 2260 1158 2322 vel
1183 2259 1362 2335 audituris,

251 2361 359 2427 Rob's
388 2362 615 2448 Dispensator
645 2362 782 2447 Ripon’,
813 2384 861 2428 sa.
893 2363 927 2428 in
957 2363 1057 2428 D’nO.
1106 2363 1280 2428 Noueritis
1309 2385 1363 2428 me

250 2467 327 2532 ded.
346 2473 380 2531 et
397 2488 491 2532 conc.
510 2474 545 2532 et
562 2468 596 2532 in
613 2488 699 2551 pres.
718 2467 825 2531 literis
841 2468 930 2532 coni.
949 2488 1011 2552 pro
1027 2488 1074 2532 sa.
1094 2490 1148 2532 an.
1166 2488 1224 2543 m.,
1242 2469 1361 2533 lumin’

249 2570 301 2636 be.
325 2572 369 2637 M.
392 2571 427 2637 in
448 2572 526 2636 ecel.
546 2572 597 2636 be.
616 2571 668 2637 W.
691 2572 733 2636 de
755 2571 796 2636 R.
819 2572 891 2655 iijd.
915 2591 984 2657 arg.
1007 2572 1189 2656 recipiend.
1212 2572 1246 2637 in
1267 2593 1361 2657 perp.

249 2675 431 2741 annuatim
465 2676 509 2741 ad
544 2676 631 2741 duos
664 2683 762 2740 term.
799 2676 841 2741 de
875 2676 933 2741 illa
966 2676 1047 2741 dim.
1085 2696 1164 2742 acra
1198 2682 1286 2741 terre
1320 2678 1362 2741 de

252 2780 438 2866 Biscopton
471 2801 539 2866 que
571 2781 659 2847 iacet
693 2781 792 2847 iuxta
825 2787 953 2846 terram
986 2780 1098 2846 Nich'i
1133 2780 1287 2847 Bernard
1320 2802 1362 2846 ex

248 2891 347 2970 parte
365 2885 579 2961 occidentali,
599 2892 633 2950 et
654 2887 820 2951 abbuttat
845 2906 953 2950 vnum
977 2886 1091 2970 capud
1108 2906 1210 2970 super
1227 2886 1361 2951 Corkel·

248 2989 320 3073 dyk
343 2995 377 3054 et
401 2990 495 3055 aliud
516 2990 630 3074 capud
652 3011 754 3074 super
776 2996 904 3055 terram
927 2989 1069 3055 Walteri
1092 2990 1134 3054 de
1158 2990 1290 3066 Hilton,
1314 3012 1359 3056 sc.

248 3094 472 3160 medietatem
495 3095 540 3160 ad
563 3095 660 3159 Pent.
685 3101 719 3158 et
742 3094 844 3160 aliam
867 3094 1090 3159 medietatem
1112 3095 1157 3159 ad
1178 3096 1201 3160 f.
1226 3095 1292 3160 S’ci
1316 3096 1359 3160 M.

248 3197 282 3263 in
299 3200 332 3264 h.
374 3199 415 3263 In
431 3199 528 3264 euius
544 3199 590 3263 rei
608 3204 686 3264 test.
706 3199 769 3263 hiis
785 3219 872 3283 pres.
890 3198 950 3285 sig.
968 3219 1013 3263 m.
1032 3199 1186 3284 apposui.
1228 3200 1358 3265 Valete.

638 3359 726 3440 (110)
753 3357 810 3421 DE
835 3374 972 3422 EODEM.

336 3474 437 3539 Vniu.
462 3474 521 3557 xpi
544 3474 601 3539 fid.
626 3495 676 3558 pr.
701 3495 763 3538 scr.
787 3474 912 3538 visuris
934 3473 988 3537 vel
1012 3474 1090 3539 aud.
1140 3475 1251 3539 Isabel
1274 3497 1361 3540 vxor

248 3585 283 3643 et
308 3579 405 3643 heres
432 3578 518 3664 Rog.
546 3578 591 3643 fil.
620 3578 733 3643 Nich’i
757 3579 799 3642 de
827 3579 965 3663 Ripon',
990 3599 1037 3644 sa.
1063 3579 1098 3643 in
1123 3579 1213 3644 D'no
1237 3581 1360 3666 sempi-

248 3689 392 3748 temam.
441 3682 616 3747 Noueritis
635 3703 689 3747 me
709 3683 796 3768 ligea
815 3689 990 3767 potestate
1010 3704 1086 3749 mea
1106 3690 1141 3748 et
1161 3684 1359 3770 virginitate

248 3793 329 3852 ante
368 3787 605 3852 omnimodum
644 3787 821 3851 vinculum
856 3794 1055 3853 contractus
1097 3789 1359 3855 matrimonialis

247 3891 339 3957 inicii
357 3891 561 3956 concessisse
579 3891 620 3956 de
638 3912 692 3956 me
710 3897 745 3955 et
758 3892 827 3956 her.
842 3913 887 3956 m.
902 3892 1009 3976 quiet.
1028 3892 1192 3958 clamasse
1210 3892 1244 3958 in
1262 3914 1356 3979 perp.

248 4002 283 4061 et
304 4017 337 4080 p.
359 4017 387 4061 c.
409 4017 454 4061 m.
477 3996 566 4060 conf.
588 3996 746 4060 luminar'
768 3997 820 4060 be.
844 3995 888 4060 M.
911 3996 945 4060 in
967 3996 1044 4061 eccl.
1067 3997 1099 4061 b.
1122 3997 1174 4062 W.
1198 3997 1252 4074 R.
1274 3998 1358 4064 illud

247 4100 461 4186 mesuagium
484 4100 518 4166 in
541 4101 662 4165 eadem
684 4100 822 4165 villain
845 4101 1002 4186 Westgat
1025 4102 1118 4185 quod
1142 4102 1227 4187 Rog.
1252 4103 1358 4168 irater

247 4226 345 4270 meus
373 4205 484 4270 eidem
513 4204 672 4270 luminari
701 4205 859 4269 contulit.
908 4205 1008 4289 Quod
1037 4205 1176 4289 quidem
1206 4228 1356 4294 mesuag.

246 4309 338 4375 idem
367 4309 453 4395 Rog’
479 4309 602 4374 habuit
626 4310 668 4374 de
694 4309 808 4374 Isolda
831 4310 1008 4394 quondam
1032 4331 1138 4375 vxore
1162 4310 1291 4376 Warini
1316 4313 1357 4378 de

248 4414 444 4480 Beuerlaco
494 4415 584 4479 Hab.
613 4419 648 4478 et
676 4420 744 4478 ten.
773 4435 852 4479 cum
880 4434 970 4478 omn.
999 4435 1025 4478 s.
1054 4422 1140 4498 pert.
1169 4417 1357 4482 secundum

247 4524 401 4583 tenorem
430 4525 524 4584 carte
553 4540 659 4604 quam
688 4519 843 4602 prefatus
874 4519 1027 4603 Rogerus
1056 4519 1134 4584 inde
1164 4521 1286 4586 habuit
1315 4523 1357 4586 de

246 4622 341 4689 dicta
369 4622 494 4698 Isolda,
523 4623 573 4688 ita
598 4623 692 4707 quod
719 4643 781 4687 nec
807 4644 870 4708 ego
898 4623 1009 4688 isabel
1037 4645 1098 4688 nec
1124 4626 1264 4690 heredes
1291 4629 1357 4691 mei

246 4748 401 4813 vnquam
419 4727 454 4793 in
472 4727 566 4812 pred.
589 4728 641 4811 (35
661 4730 705 4809 v.)
727 4727 901 4812 mesuagio
923 4748 1001 4792 cum
1020 4735 1106 4813 pert.
1128 4730 1257 4814 aliquid
1276 4731 1357 4796 iuris

246 4832 302 4897 vel
325 4832 438 4898 clamii
463 4832 595 4919 exigere
619 4832 673 4896 vel
698 4833 880 4898 vendicare
904 4833 1103 4919 poterimus.
1152 4835 1193 4899 In
1218 4834 1250 4900 h.
1277 4856 1302 4902 r.
1330 4844 1355 4903 t.
