3392 5650
314 716 377 783 262
598 717 677 781 Tus
702 716 859 781 Incursu
883 715 1129 780 Mnuuscnrrr.

314 896 372 960 illa
390 898 465 961 vice
483 902 518 960 et
537 895 595 959 illa
611 895 806 970 vocacione,
825 894 918 980 pred.
938 895 1076 959 Cantor.
1095 894 1152 958 Ca.
1171 893 1307 978 ydoneo
1322 892 1427 956 libere

315 1001 480 1076 conferat,
504 1000 715 1083 vlteriusque
737 999 826 1064 circa
849 999 1106 1064 institucionem
1129 1004 1163 1062 et
1187 997 1424 1062 induccionem

316 1105 468 1169 eiusdem
491 1103 665 1188 Capellani
688 1104 722 1167 in
746 1104 866 1168 eadem
890 1103 1059 1168 Canonice
1082 1099 1187 1167 iaciat
1211 1108 1246 1166 et
1269 1106 1426 1165 exerceat

115 1214 199 1276 aving
216 1212 303 1276 rights
316 1210 410 1294 quod
441 1210 571 1273 iustum
602 1208 705 1273 fuerit
736 1208 771 1272 in
802 1209 867 1272 hac
897 1215 1006 1292 parte,
1039 1208 1135 1272 saluo
1165 1227 1299 1290 semper
1328 1205 1428 1269 nobis

130 1279 272 1328 asabove.
317 1314 386 1378 her.
414 1319 448 1377 et
473 1314 595 1397 assign.
619 1312 701 1377 n'ris
724 1312 906 1396 imperp’m
930 1334 970 1377 ac
994 1332 1136 1396 persone
1160 1311 1253 1395 pred.
1280 1310 1358 1374 eccl.
1384 1309 1427 1373 de

316 1418 422 1483 Wath
438 1418 497 1502 qui
514 1438 576 1501 pro
593 1423 746 1500 tempore
763 1416 877 1492 iuerit,
895 1438 1028 1481 necnon
1044 1416 1203 1500 capitulis
1219 1414 1426 1499 supradictis

316 1529 351 1586 et
366 1543 484 1586 eorum
499 1521 639 1586 cuilibet
654 1521 846 1605 imperp’m,
864 1521 898 1585 in
914 1520 1055 1605 singulis
1070 1520 1146 1604 alijs
1161 1520 1252 1584 dicte
1268 1517 1428 1583 Cantarie

316 1626 569 1701 vacacionibuS,
588 1625 659 1689 iure
676 1625 750 1689 n'ro
767 1625 942 1709 premisso,
961 1624 1088 1689 scilicet
1106 1624 1189 1688 alias
1206 1622 1427 1708 presentandi

316 1732 539 1815 Capelianum
577 1729 751 1813 ydoneum
790 1730 834 1794 ad
873 1729 1017 1794 eandem
1054 1729 1253 1793 Cantariam
1291 1728 1428 1812 prelato

316 1835 498 1902 Ordinatio
520 1835 579 1919 qui
602 1855 664 1918 pro
688 1840 768 1899 tem.
794 1835 909 1899 luerit¹
934 1855 994 1918 per
1016 1834 1107 1898 vices
1130 1834 1302 1918 predictas
1325 1831 1429 1896 modo

306 1947 352 2004 ¹et
372 1941 482 2004 torma
500 1940 656 2023 superius
674 1938 857 2003 declaratis
876 1945 910 2003 et
929 1938 1145 2022 expressatis.

113 2140 303 2215 aonertoois-
404 2136 582 2201 volumus
616 2137 729 2201 eciam
760 2134 795 2191 et
814 2127 1033 2192 concedimus
1052 2147 1112 2211 per
1127 2133 1314 2211 presentes,
1335 2126 1429 2211 quod

112 2210 185 2336 ἓξὲξ
199 2206 303 2322 ἓξὲξ
318 2234 345 2298 si
376 2234 555 2318 contingat
585 2234 678 2317 pred.
711 2232 804 2297 redd.
837 2239 916 2297 octo
946 2253 1140 2297 marcarum
1170 2232 1306 2315 prefato
1336 2231 1431 2314 Joh'i

318 2338 360 2402 de
382 2339 531 2402 Threske
552 2344 586 2402 et
608 2359 697 2403 succ.
720 2359 745 2403 s.
770 2337 864 2421 pred.
888 2337 1026 2402 Cantar.
1051 2336 1242 2420 Capellanis
1263 2337 1298 2400 in
1319 2336 1431 2400 forma

318 2442 473 2526 predicta
500 2463 699 2506 concessum
727 2464 747 2505 a
774 2447 865 2505 retro
893 2441 965 2505 fore
992 2462 1061 2505 non
1088 2440 1241 2505 solutum
1268 2441 1304 2504 in
1331 2446 1430 2524 parte

316 2546 371 2610 vel
392 2547 426 2611 in
448 2553 524 2611 toto
545 2553 624 2630 post
646 2547 794 2630 aliquem
816 2546 1002 2610 terminum
1023 2566 1093 2629 quo
1114 2545 1202 2609 solui
1224 2546 1349 2609 debeat
1370 2565 1431 2628 per

316 2650 514 2735 quindecim
539 2651 621 2726 dice,
647 2650 740 2734 quod
765 2656 849 2714 tunc
873 2651 960 2714 bene
983 2650 1085 2713 liceat
1109 2649 1245 2732 prelato
1270 2648 1363 2732 Joh’i
1387 2648 1430 2713 de

316 2756 466 2819 Threske
491 2761 525 2819 et
549 2776 638 2820 succ.
664 2776 690 2819 s.
717 2754 808 2818 dicte
836 2754 934 2818 Cant.
962 2754 1075 2838 Cap’is
1099 2754 1133 2818 in
1158 2753 1251 2837 pred.
1278 2753 1430 2817 manerio

316 2882 395 2925 cum
412 2861 535 2944 pertin.
554 2882 594 2925 ac
611 2861 645 2925 in
662 2881 753 2924 omn.
772 2859 849 2943 alijs
865 2860 974 2934 terris
993 2859 1208 2934 tenementis
1227 2859 1428 2934 redditibus

317 2971 351 3028 et
385 2965 539 3048 seruicijs
572 2964 779 3049 supradictis
813 2985 893 3028 cum
926 2964 996 3028 suis
1030 2965 1154 3047 pertin.
1190 2984 1257 3048 que
1291 2964 1431 3028 fuerunt

317 3069 464 3152 predicti
482 3069 622 3133 Ricardi
641 3069 775 3132 Norton
795 3068 950 3132 defuncti
968 3068 1003 3132 in
1022 3068 1116 3151 pred.
1136 3068 1219 3131 villa
1236 3067 1278 3132 de
1297 3067 1431 3132 Norton

318 3173 468 3257 Conyers
499 3174 534 3238 in
565 3173 721 3258 qualibet
753 3174 902 3256 parcella
933 3172 1120 3236 eorundem
1152 3171 1363 3257 distringere,
1396 3179 1432 3237 et

318 3278 552 3342 districciones
576 3278 655 3342 inde
679 3283 800 3360 captas
824 3276 1004 3352 abducere,
1030 3276 1159 3361 fugare,
1185 3283 1371 3360 asportare,
1397 3283 1432 3341 et

318 3402 421 3466 penes
436 3402 471 3445 se
487 3382 644 3456 retinere,
661 3401 840 3465 quousque
856 3381 898 3444 de
914 3381 1095 3465 arreragijs
1110 3380 1262 3445 eiusdem
1277 3381 1432 3445 redditus

318 3485 469 3569 plenarie
492 3485 556 3549 sibi
580 3485 683 3549 iuerit
706 3484 935 3549 satisfactum.
985 3486 1026 3549 ln
1049 3505 1145 3569 quor.
1171 3506 1261 3551 omn.
1287 3491 1322 3549 et
1344 3486 1429 3570 sing.

318 3590 562 3673 premissorum
588 3589 691 3653 fidem
718 3595 753 3652 et
780 3589 1018 3653 testimonium
1044 3589 1185 3653 cuilibet
1211 3589 1302 3673 parti
1329 3590 1432 3655 huius

318 3694 436 3778 scripti
470 3693 535 3758 n'ri
570 3694 741 3758 indentati
775 3693 1025 3778 quatripartiti,
1062 3700 1136 3757 tam
1169 3694 1278 3778 sigilla
1312 3701 1431 3759 nostra

318 3819 380 3882 pro
407 3799 517 3874 nobiS,
546 3799 672 3874 hered,
701 3804 736 3862 et
764 3797 887 3882 assign.
917 3798 999 3862 n'ris
1026 3818 1132 3880 quam
1159 3798 1307 3883 sigillum
1334 3799 1428 3882 pred.

319 3903 429 3986 Joh'is
457 3902 499 3967 de
526 3903 676 3966 Threske
704 3923 765 3986 pro
793 3923 828 3966 se
856 3908 891 3966 et
918 3922 1061 3966 success,
1091 3923 1117 3966 s,
1147 3902 1240 3985 pred.
1271 3902 1431 3968 Cantarie

317 4007 509 4090 Capellanis
530 4013 611 4071 sunt
633 4027 804 4090 appensa..
846 4006 950 4071 Cuius
974 4007 1035 4089 (89)
1060 4007 1200 4090 quidem
1221 4007 1339 4091 scripti
1359 4029 1431 4072 vna

318 4132 398 4195 pars
413 4132 516 4195 penes
531 4111 625 4196 pred.
643 4112 722 4195 Joh.
740 4111 782 4175 de
797 4111 947 4175 Threske
963 4117 998 4174 et
1013 4131 1102 4175 succ.
1120 4131 1146 4175 s,
1164 4110 1254 4175 dicte
1270 4111 1431 4177 Cantarie

318 4215 530 4299 Capellanos,
558 4216 666 4280 altera
692 4236 771 4299 pars
797 4235 900 4298 penes
927 4235 988 4279 nos
1015 4216 1084 4279 her.
1113 4221 1148 4279 et
1174 4215 1297 4301 assign.
1325 4217 1428 4293 n’ros

319 4319 425 4384 tercia
447 4340 526 4404 pars
552 4321 697 4403 (penes)2
720 4340 901 4403 personam
921 4319 1073 4403 predicte
1097 4320 1175 4384 eccl.
1201 4320 1243 4384 de
1266 4320 1371 4385 Wath
1395 4328 1429 4386 et

318 4445 407 4488 succ.
432 4444 471 4498 s,
497 4431 532 4488 et
555 4430 682 4508 quarta
705 4444 784 4507 pars
808 4444 912 4507 penes
936 4424 993 4488 Ca.
1019 4423 1098 4488 eccl.
1125 4423 1207 4489 Coll.
1233 4425 1429 4509 supradicte

318 4529 573 4612 imperpetuum
615 4530 854 4593 remanebunt.
903 4529 947 4593 H.
992 4534 1017 4592 t.
1062 4528 1212 4593 Will'mo
1254 4530 1427 4614 Tempest‚

317 4633 451 4697 Thoma
471 4633 753 4717 Markyngieilde‚
776 4633 886 4718 Rog'o
906 4632 1042 4708 Warde,
1064 4632 1242 4709 militibus,
1264 4634 1365 4717 Joh'e
1386 4635 1428 4700 de

390 4807 473 4856 ΙΜΒ.
488 4808 537 4857 has
553 4807 661 4857 “luit''
735 4806 931 4857 ²0mittedin
945 4807 1001 4857 MS.
1036 4841 1038 4848 ι
