3392 5650
354 698 415 783 148
637 700 715 764 Tiir
741 700 896 764 Inmiai'
921 698 1167 763 blanuscuii’r.

169 881 310 955 nitiougii
352 879 482 964 Anglie,
506 881 662 945 salutem.
711 881 763 943 Ex
786 880 943 943 clamosis
964 876 1194 962 queremonijs
1216 878 1461 941 nonnullorum

146 948 327 1062 issssffl„}2¹}¹,{1
352 984 568 1049 subditorum
593 992 788 1050 nostrorum
813 984 906 1068 regni
931 983 1038 1047 nostri
1064 982 1207 1065 predicti
1233 981 1276 1045 ad
1301 987 1460 1045 nostrum

139 1081 337 1210 'ggffiffivlfv
352 1088 487 1152 nouiter
505 1090 659 1172 peruenit
680 1089 849 1163 auditum,
869 1087 973 1172 quod,
993 1086 1071 1150 licet
1091 1107 1110 1149 a
1130 1092 1283 1169 tempore
1301 1105 1371 1170 quo
1388 1106 1460 1150 non

155 1202 326 1261 risnrcians'
352 1199 448 1256 extat
479 1194 643 1258 memoria
673 1193 821 1257 vniuersi
852 1199 886 1256 et
916 1191 1038 1275 singuli
1069 1197 1225 1254 tenentes
1255 1195 1289 1254 et
1319 1189 1461 1254 firmarii

147 1280 316 1411 Ροζξθξὲᾞὲς
352 1297 592 1372 maneriorum,
636 1304 815 1372 terrarum,
861 1303 894 1360 et
939 1301 1224 1370 tenementonim,
1269 1299 1459 1378 pratorum,

320 1387 324 1402 ’
352 1401 526 1476 siluanim,
556 1409 590 1466 et
619 1401 870 1486 possessionum
898 1406 1092 1463 vestrorum
1120 1405 1153 1462 et
1183 1397 1461 1482 predecessorum

351 1513 543 1571 vestronim
563 1506 605 1570 de
625 1505 751 1569 eisdem
771 1504 941 1578 maneriis,
964 1503 1071 1578 terris,
1097 1502 1312 1577 tenementis,
1339 1501 1460 1586 pratis,

351 1610 455 1685 siluis,
485 1617 520 1674 et
549 1610 817 1694 possessionibus
846 1628 907 1691 per
934 1609 1025 1691 ipsos
1054 1608 1101 1670 sic
1130 1607 1297 1691 ocupatis‚
1327 1626 1461 1670 necnon

351 1714 393 1778 de
424 1716 698 1799 quibuscumque
730 1713 936 1778 animalibus
968 1718 1002 1775 et
1035 1711 1109 1775 aliis
1141 1712 1242 1776 rebus
1274 1710 1462 1775 eorundem

352 1819 545 1883 tenencium
573 1825 607 1883 et
636 1819 863 1883 firmariorum
892 1817 1052 1891 decimas,
1082 1822 1154 1880 tam
1183 1816 1327 1880 maiores
1353 1836 1462 1900 quam

350 1924 508 1999 minores,
542 1924 672 1988 soluere
705 1928 968 1997 consueuerint,
1012 1928 1045 1985 et
1080 1921 1122 1984 de
1161 1922 1231 1985 iure
1265 1926 1461 1996 teneantur,

158 2017 244 2131 ζζὴῗζ
251 2030 316 2130 31¹3}
351 2035 453 2112 prout
470 2035 504 2092 et
522 2029 641 2092 eodem
659 2028 762 2092 modo
778 2048 848 2111 quo
866 2026 921 2109 alij
942 2026 1072 2089 subditi
1089 2026 1198 2090 nostri
1215 2024 1354 2091 soluunt
1372 2025 1463 2090 infra

197 2151 274 2212 jeus,
351 2134 441 2197 idern
467 2154 607 2217 regnum
634 2138 800 2206 nostrum,
828 2130 1029 2214 diuerseque
1054 2131 1235 2195 indenture
1260 2136 1295 2195 et
1319 2151 1460 2215 compo·

350 2239 493 2302 siciones
524 2238 629 2301 reales
652 2237 694 2300 de
719 2235 939 2320 percepcione
963 2241 997 2298 et
1022 2235 1238 2319 quietacione
1262 2234 1460 2314 huiusmodi

350 2343 570 2417 decimarum,
594 2342 683 2405 inter
704 2362 809 2425 quam
832 2340 946 2423 plures
968 2340 1244 2423 predecessorum
1266 2347 1461 2405 vestrorum

151 2457 318 2533 lthereguia-
351 2447 581 2531 predictorum
622 2453 656 2510 et
697 2446 780 2510 alias
820 2466 983 2528 personas
1023 2446 1116 2529 regni
1156 2445 1263 2508 nostri
1303 2444 1460 2529 predicti,

136 2524 335 2652 tffissgghffih
350 2572 497 2635 quarum
517 2552 668 2633 cognicio
687 2557 722 2615 et
742 2549 895 2614 districio
915 2549 959 2612 ad
979 2569 1041 2612 nos
1060 2555 1094 2612 et
1113 2569 1275 2613 coronam
1293 2554 1459 2624 nostram,

159 2658 317 2705 tiecrown
352 2662 386 2719 et
426 2676 493 2720 non
533 2655 577 2719 ad
617 2656 721 2719 alium
762 2654 850 2718 infra
890 2674 1032 2737 regnum
1071 2659 1229 2718 nostrum
1268 2653 1461 2737 predictum

154 2724 322 2854 ἶᾞίγῐζῖξέξ
353 2760 544 2845 specialiter
562 2766 750 2825 noscuntur
768 2759 948 2844 pertinere,
968 2757 1123 2822 confecte
1142 2763 1176 2820 et
1195 2757 1278 2822 inite
1297 2757 1460 2834 existant,

157 2859 318 2973 ffiffl
353 2866 422 2930 Vos
449 2872 576 2939 tamen,
603 2866 713 2929 colore
738 2864 956 2949 quarundam
984 2862 1159 2926 literarum
1185 2861 1462 2946 Apostolicorum

156 2992 250 3046 ream,
263 3007 326 3055 you,
354 2970 398 3034 ad
417 2970 530 3034 minus
549 2990 665 3033 veram
685 2970 936 3054 suggestionem
955 2974 1107 3030 vestram
1127 2988 1147 3030 a
1166 2966 1245 3031 sede
1263 2966 1460 3051 Apostolica

162 3059 318 3174 segffinffl
354 3074 453 3138 vobis
486 3093 595 3156 nuper
628 3093 875 3147 concessarum,
911 3092 1002 3135 nunc
1037 3076 1193 3135 tenentes
1227 3076 1260 3134 et
1295 3070 1462 3135 firmarios

170 3192 311 3255 apostolic
355 3177 595 3252 maneriorum,
624 3183 802 3250 terrarum,
830 3180 1116 3250 tenementorum,
1145 3180 1333 3259 pratorum,
1361 3174 1462 3239 silua-

188 3259 292 3313 mm’
356 3303 431 3346 rum
450 3289 484 3345 et
503 3283 753 3366 possessionum
771 3288 963 3345 vestrorum
982 3280 1167 3363 quominus
1184 3279 1247 3364 ipsi
1266 3278 1461 3344 huiusmodi

166 3326 237 3373 have
247 3325 316 3372 been

170 3391 315 3452 niniiering
356 3386 506 3450 decimas
534 3386 575 3449 de
604 3386 730 3449 eisdem
758 3385 928 3458 maneriis
959 3384 1067 3458 terris,
1098 3385 1312 3460 tenementis,
1342 3384 1460 3468 pratis,

141 3458 341 3519 thepayment
377 3490 381 3500 .
425 3489 431 3500 ·
695 3489 700 3499 .
753 3489 758 3499 ·
990 3490 995 3500 .
1073 3490 1078 3500 .
1438 3490 1443 3501 .

178 3524 207 3572 of
220 3524 313 3578 titius,
357 3489 450 3553 siluis
487 3495 521 3553 ct
559 3490 827 3572 possessionibus
865 3510 904 3552 ac
941 3488 1147 3553 animalibus
1184 3495 1218 3552 et
1256 3491 1357 3554 rebus
1393 3509 1463 3553 suis

358 3594 519 3677 predictis
545 3593 761 3657 ecclesiarum
790 3593 993 3657 Rectoribus
1020 3599 1053 3656 et
1082 3593 1156 3656 aliis
1182 3593 1307 3678 quibus
1334 3593 1463 3658 decime

358 3699 412 3761 ille
451 3698 537 3763 solui
577 3697 725 3762 debeant
765 3704 799 3760 et
839 3704 1090 3762 consueuerunt
1130 3698 1260 3762 soluere
1299 3704 1462 3782 poterunt

358 3803 522 3886 impedire
548 3802 737 3876 intenditis,
765 3802 996 3886 cognicionem
1023 3802 1285 3869 indenturarum
1311 3809 1345 3867 et
1371 3824 1463 3867 corn-

144 3915 173 4015 g}
188 3905 344 4014 ffiflflffig
359 3907 569 3990 posicionum
586 3907 817 3991 predictarum
833 3907 877 3970 ad
893 3906 1029 3971 Curiam
1044 3907 1248 3991 xpianitatis
1263 3907 1464 3972 deducendo

144 4035 238 4096 injury
251 4033 280 4081 of
297 4033 344 4080 tire
359 4017 393 4074 et
418 4012 635 4087 attrahendo
662 4012 695 4076 in
720 4012 828 4076 nostri
853 4017 1091 4094 contemptum
1116 4018 1149 4075 et
1174 4012 1399 4095 preiudicium
1423 4033 1463 4076 ac

144 4100 346 4230 pgglsselofafflr
359 4115 438 4178 cleri
466 4122 500 4179 et
529 4115 645 4199 populi
674 4116 767 4214 regni
795 4115 903 4179 nostri
931 4115 1075 4199 predicti
1103 4117 1401 4199 perturbacionem
1429 4123 1463 4180 et

163 4234 257 4289 reaim,
272 4234 329 4290 We.
359 4220 626 4284 commocionem
648 4221 841 4295 manifesta,
866 4219 946 4295 Nos,
969 4219 1133 4303 premissa
1154 4220 1274 4284 intime
1295 4220 1464 4286 consider-

154 4301 335 4416 Ἥξΐῗξζῇ
360 4329 468 4400 antes,
501 4325 552 4407 (60
585 4326 630 4407 v.)
661 4325 815 4389 nolentes
843 4324 937 4408 quod
966 4345 1027 4408 pro
1056 4324 1306 4408 indempnitate
1334 4330 1463 4399 nostra,

152 4435 187 4482 be
201 4433 337 4482 toierateii
359 4449 491 4493 necnon
508 4429 623 4512 quiete
640 4429 718 4493 cleri
735 4435 769 4492 et
786 4429 1003 4493 subditorum
1021 4435 1215 4493 nostrorum
1232 4429 1465 4514 predictorum

164 4501 211 4548 the
223 4499 332 4548 Chiirch
362 4533 368 4544 .
705 4533 711 4544 .
919 4533 924 4544 .
1030 4533 1035 4544 .

161 4568 190 4615 of
204 4567 331 4629 Engianii
360 4554 394 4597 in
420 4534 484 4597 hac
509 4539 607 4616 parte
632 4539 806 4598 nouitates
831 4533 1002 4617 predictas
1028 4533 1116 4598 mira
1141 4554 1283 4619 regnum
1308 4541 1465 4599 nostrum

157 4634 334 4753 end-iddfsiv
360 4637 551 4728 predictum
576 4637 769 4722 aliqualiter
792 4637 959 4713 tollerare,
984 4638 1133 4702 maxime
1156 4660 1234 4703 cum
1258 4658 1299 4703 ex
1330 4639 1405 4715 hiis,
1436 4639 1465 4703 si

105 4770 108 4774 ·
181 4769 290 4835 injurii]
303 4755 323 4823 ;'
361 4743 609 4819 tollerarentur,
633 4743 772 4809 ecclesia
794 4742 982 4828 Anglicana
1006 4744 1204 4811 turbaretur
1225 4749 1260 4809 et
1282 4744 1466 4811 enormiter
