<?xml version="1.0" encoding="UTF-8"?>
<!DOCTYPE html PUBLIC "-//W3C//DTD XHTML 1.0 Transitional//EN"
    "http://www.w3.org/TR/xhtml1/DTD/xhtml1-transitional.dtd">
<html xmlns="http://www.w3.org/1999/xhtml" xml:lang="en" lang="en">
 <head>
  <title>
</title>
<meta http-equiv="Content-Type" content="text/html;charset=utf-8" />
  <meta name='ocr-system' content='tesseract 3.04.00' />
  <meta name='ocr-capabilities' content='ocr_page ocr_carea ocr_par ocr_line ocrx_word'/>
</head>
<body>
  <div class='ocr_page' id='page_1' title='image "./memorialschurch01fowlgoog_0045.png"; bbox 0 0 3392 5650; ppageno 0'>
   <div class='ocr_carea' id='block_1_1' title="bbox 601 710 1344 809">
    <p class='ocr_par' dir='ltr' id='par_1_1' title="bbox 601 710 1344 809">
     <span class='ocr_line' id='line_1_1' title="bbox 601 710 1344 809; baseline -0.005 -15"><span class='ocrx_word' id='word_1_1' title='bbox 601 732 699 795; x_wconf 73' lang='lat' dir='ltr'>Acts</span> <span class='ocrx_word' id='word_1_2' title='bbox 723 750 769 795; x_wconf 78' lang='lat' dir='ltr'>os</span> <span class='ocrx_word' id='word_1_3' title='bbox 792 731 983 796; x_wconf 68' lang='lat' dir='ltr'>Cunctas.</span> <span class='ocrx_word' id='word_1_4' title='bbox 1200 710 1202 714; x_wconf 36' lang='lat'>¹</span> <span class='ocrx_word' id='word_1_5' title='bbox 1326 745 1344 809; x_wconf 86' lang='lat'>5</span> 
     </span>
    </p>
   </div>
   <div class='ocr_carea' id='block_1_2' title="bbox 242 902 1346 1788">
    <p class='ocr_par' dir='ltr' id='par_1_2' title="bbox 242 902 1346 1788">
     <span class='ocr_line' id='line_1_2' title="bbox 246 902 1342 989; baseline -0.006 -19"><span class='ocrx_word' id='word_1_6' title='bbox 246 908 436 989; x_wconf 86' lang='lat' dir='ltr'>Ipsumque</span> <span class='ocrx_word' id='word_1_7' title='bbox 482 905 677 988; x_wconf 80' lang='lat' dir='ltr'>Xpolorum</span> <span class='ocrx_word' id='word_1_8' title='bbox 727 905 888 970; x_wconf 86' lang='lat' dir='ltr'>Kendale</span> <span class='ocrx_word' id='word_1_9' title='bbox 933 904 976 967; x_wconf 90' lang='lat' dir='ltr'>ad</span> <span class='ocrx_word' id='word_1_10' title='bbox 1023 904 1151 968; x_wconf 89' lang='lat' dir='ltr'>dictum</span> <span class='ocrx_word' id='word_1_11' title='bbox 1192 902 1342 967; x_wconf 88' lang='lat' dir='ltr'>officium</span> 
     </span>
     <span class='ocr_line' id='line_1_3' title="bbox 245 1002 1345 1089; baseline -0.003 -21"><span class='ocrx_word' id='word_1_12' title='bbox 245 1006 429 1089; x_wconf 85' lang='lat' dir='ltr'>recipimus</span> <span class='ocrx_word' id='word_1_13' title='bbox 452 1019 485 1069; x_wconf 93' lang='lat' dir='ltr'>et</span> <span class='ocrx_word' id='word_1_14' title='bbox 507 1005 724 1069; x_wconf 86' lang='lat' dir='ltr'>admittimus</span> <span class='ocrx_word' id='word_1_15' title='bbox 750 1026 809 1088; x_wconf 92' lang='lat' dir='ltr'>per</span> <span class='ocrx_word' id='word_1_16' title='bbox 834 1017 1021 1088; x_wconf 85' lang='lat' dir='ltr'><strong>presentes,</strong></span> <span class='ocrx_word' id='word_1_17' title='bbox 1046 1024 1086 1068; x_wconf 94' lang='lat' dir='ltr'>ac</span> <span class='ocrx_word' id='word_1_18' title='bbox 1112 1003 1205 1086; x_wconf 88' lang='lat' dir='ltr'>ipsas</span> <span class='ocrx_word' id='word_1_19' title='bbox 1230 1002 1345 1066; x_wconf 81' lang='lat' dir='ltr'>literas</span> 
     </span>
     <span class='ocr_line' id='line_1_4' title="bbox 243 1104 1346 1188; baseline -0.005 -19"><span class='ocrx_word' id='word_1_20' title='bbox 243 1124 276 1169; x_wconf 91' lang='lat' dir='ltr'>et</span> <span class='ocrx_word' id='word_1_21' title='bbox 300 1106 450 1169; x_wconf 88' lang='lat' dir='ltr'>officium</span> <span class='ocrx_word' id='word_1_22' title='bbox 477 1105 588 1168; x_wconf 91' lang='lat' dir='ltr'>eidem</span> <span class='ocrx_word' id='word_1_23' title='bbox 618 1104 777 1188; x_wconf 88' lang='lat' dir='ltr'>Xpoforo</span> <span class='ocrx_word' id='word_1_24' title='bbox 805 1105 839 1167; x_wconf 93' lang='lat' dir='ltr'>in</span> <span class='ocrx_word' id='word_1_25' title='bbox 868 1104 998 1169; x_wconf 92' lang='lat' dir='ltr'>eisdem</span> <span class='ocrx_word' id='word_1_26' title='bbox 1028 1104 1191 1167; x_wconf 88' lang='lat' dir='ltr'>collatum</span> <span class='ocrx_word' id='word_1_27' title='bbox 1220 1122 1346 1185; x_wconf 90' lang='lat' dir='ltr'>appro-</span> 
     </span>
     <span class='ocr_line' id='line_1_5' title="bbox 244 1201 1346 1285; baseline -0.004 -16"><span class='ocrx_word' id='word_1_28' title='bbox 244 1208 378 1281; x_wconf 84' lang='lat' dir='ltr'>bamus,</span> <span class='ocrx_word' id='word_1_29' title='bbox 408 1204 629 1281; x_wconf 86' lang='lat' dir='ltr'>ratificamus,</span> <span class='ocrx_word' id='word_1_30' title='bbox 655 1206 921 1277; x_wconf 78' lang='lat' dir='ltr'>auctorizamus,</span> <span class='ocrx_word' id='word_1_31' title='bbox 949 1216 981 1267; x_wconf 91' lang='lat' dir='ltr'>et</span> <span class='ocrx_word' id='word_1_32' title='bbox 1012 1216 1180 1285; x_wconf 90' lang='lat' dir='ltr'>quantum</span> <span class='ocrx_word' id='word_1_33' title='bbox 1209 1201 1252 1265; x_wconf 92' lang='lat' dir='ltr'>ad</span> <span class='ocrx_word' id='word_1_34' title='bbox 1282 1222 1346 1265; x_wconf 89' lang='lat' dir='ltr'>nos</span> 
     </span>
     <span class='ocr_line' id='line_1_6' title="bbox 242 1303 1344 1386; baseline -0.004 -19"><span class='ocrx_word' id='word_1_35' title='bbox 242 1305 373 1378; x_wconf 83' lang='lat' dir='ltr'>attinet,</span> <span class='ocrx_word' id='word_1_36' title='bbox 405 1318 524 1369; x_wconf 91' lang='lat' dir='ltr'>tenore</span> <span class='ocrx_word' id='word_1_37' title='bbox 553 1305 769 1386; x_wconf 87' lang='lat' dir='ltr'>presencium</span> <span class='ocrx_word' id='word_1_38' title='bbox 799 1303 1057 1368; x_wconf 86' lang='lat' dir='ltr'>confirmamus.</span> <span class='ocrx_word' id='word_1_39' title='bbox 1125 1303 1163 1365; x_wconf 94' lang='lat' dir='ltr'>ln</span> <span class='ocrx_word' id='word_1_40' title='bbox 1196 1323 1344 1384; x_wconf 91' lang='lat' dir='ltr'>quorum</span> 
     </span>
     <span class='ocr_line' id='line_1_7' title="bbox 242 1403 1344 1487; baseline -0.003 -20"><span class='ocrx_word' id='word_1_41' title='bbox 242 1404 400 1467; x_wconf 90' lang='lat' dir='ltr'>omnium</span> <span class='ocrx_word' id='word_1_42' title='bbox 433 1404 670 1468; x_wconf 91' lang='lat' dir='ltr'>testimonium</span> <span class='ocrx_word' id='word_1_43' title='bbox 705 1418 809 1486; x_wconf 91' lang='lat' dir='ltr'>atque</span> <span class='ocrx_word' id='word_1_44' title='bbox 848 1403 951 1467; x_wconf 87' lang='lat' dir='ltr'>fidem</span> <span class='ocrx_word' id='word_1_45' title='bbox 991 1403 1148 1487; x_wconf 88' lang='lat' dir='ltr'>sigillum</span> <span class='ocrx_word' id='word_1_46' title='bbox 1190 1414 1344 1465; x_wconf 89' lang='lat' dir='ltr'>nostrum</span> 
     </span>
     <span class='ocr_line' id='line_1_8' title="bbox 242 1501 1346 1587; baseline -0.004 -20"><span class='ocrx_word' id='word_1_47' title='bbox 242 1525 429 1581; x_wconf 87' lang='lat' dir='ltr'>commune</span> <span class='ocrx_word' id='word_1_48' title='bbox 465 1504 683 1585; x_wconf 84' lang='lat' dir='ltr'>presentibus</span> <span class='ocrx_word' id='word_1_49' title='bbox 722 1504 963 1587; x_wconf 89' lang='lat' dir='ltr'>apposuimus.</span> <span class='ocrx_word' id='word_1_50' title='bbox 1038 1503 1129 1565; x_wconf 87' lang='lat' dir='ltr'>Data</span> <span class='ocrx_word' id='word_1_51' title='bbox 1168 1502 1201 1564; x_wconf 92' lang='lat' dir='ltr'>in</span> <span class='ocrx_word' id='word_1_52' title='bbox 1241 1501 1346 1565; x_wconf 90' lang='lat' dir='ltr'>domo</span> 
     </span>
     <span class='ocr_line' id='line_1_9' title="bbox 244 1600 1345 1686; baseline -0.003 -21"><span class='ocrx_word' id='word_1_53' title='bbox 244 1616 361 1667; x_wconf 89' lang='lat' dir='ltr'>nostra</span> <span class='ocrx_word' id='word_1_54' title='bbox 386 1603 588 1686; x_wconf 85' lang='lat' dir='ltr'>Capitulari,</span> <span class='ocrx_word' id='word_1_55' title='bbox 609 1617 733 1667; x_wconf 88' lang='lat' dir='ltr'>octauo</span> <span class='ocrx_word' id='word_1_56' title='bbox 757 1604 812 1667; x_wconf 94' lang='lat' dir='ltr'>die</span> <span class='ocrx_word' id='word_1_57' title='bbox 835 1603 965 1667; x_wconf 88' lang='lat' dir='ltr'>mensis</span> <span class='ocrx_word' id='word_1_58' title='bbox 988 1602 1132 1684; x_wconf 84' lang='lat' dir='ltr'>Aprilis,</span> <span class='ocrx_word' id='word_1_59' title='bbox 1151 1623 1245 1665; x_wconf 89' lang='lat' dir='ltr'>anno</span> <span class='ocrx_word' id='word_1_60' title='bbox 1264 1600 1345 1663; x_wconf 91' lang='lat' dir='ltr'>D&#39;ni</span> 
     </span>
     <span class='ocr_line' id='line_1_10' title="bbox 245 1700 1343 1788; baseline 0 -23"><span class='ocrx_word' id='word_1_61' title='bbox 245 1704 435 1767; x_wconf 82' lang='lat' dir='ltr'>Millesimo</span> <span class='ocrx_word' id='word_1_62' title='bbox 481 1702 829 1788; x_wconf 86' lang='lat' dir='ltr'>quadringentesimo</span> <span class='ocrx_word' id='word_1_63' title='bbox 875 1702 1137 1787; x_wconf 88' lang='lat' dir='ltr'>septuagesimo</span> <span class='ocrx_word' id='word_1_64' title='bbox 1179 1700 1343 1765; x_wconf 90' lang='lat' dir='ltr'>secundo.</span> 
     </span>
    </p>
   </div>
   <div class='ocr_carea' id='block_1_3' title="bbox 248 1816 1054 2007">
    <p class='ocr_par' dir='ltr' id='par_1_3' title="bbox 248 1816 1054 2007">
     <span class='ocr_line' id='line_1_11' title="bbox 248 1816 428 1883; baseline -0.006 -17"><span class='ocrx_word' id='word_1_65' title='bbox 248 1816 312 1882; x_wconf 78' lang='grc' dir='ltr'>13.Ι</span> <span class='ocrx_word' id='word_1_66' title='bbox 330 1825 372 1867; x_wconf 91' lang='lat' dir='ltr'>e:</span> <span class='ocrx_word' id='word_1_67' title='bbox 398 1824 428 1883; x_wconf 89' lang='lat'>4.</span> 
     </span>
     <span class='ocr_line' id='line_1_12' title="bbox 534 1926 1054 2007; baseline -0.002 -18"><span class='ocrx_word' id='word_1_68' title='bbox 534 1928 763 2007; x_wconf 68' lang='lat' dir='ltr'>(nouissimi</span> <span class='ocrx_word' id='word_1_69' title='bbox 788 1945 835 1990; x_wconf 72' lang='lat' dir='ltr'>os</span> <span class='ocrx_word' id='word_1_70' title='bbox 859 1945 882 1989; x_wconf 78' lang='grc' dir='ltr'>Α</span> <span class='ocrx_word' id='word_1_71' title='bbox 907 1926 1054 2005; x_wconf 80' lang='lat' dir='ltr'>Vtcnn).</span> 
     </span>
    </p>
   </div>
   <div class='ocr_carea' id='block_1_4' title="bbox 243 2063 1559 2548">
    <p class='ocr_par' dir='ltr' id='par_1_4' title="bbox 243 2063 1559 2548">
     <span class='ocr_line' id='line_1_13' title="bbox 331 2063 1559 2150; baseline -0.002 -23"><span class='ocrx_word' id='word_1_72' title='bbox 331 2069 400 2145; x_wconf 86' lang='lat'><em>(11)</em></span> <span class='ocrx_word' id='word_1_73' title='bbox 448 2066 600 2147; x_wconf 77' lang='lat' dir='ltr'>Chapter</span> <span class='ocrx_word' id='word_1_74' title='bbox 629 2064 748 2150; x_wconf 83' lang='lat' dir='ltr'>certify</span> <span class='ocrx_word' id='word_1_75' title='bbox 780 2078 815 2128; x_wconf 95' lang='lat' dir='ltr'>to</span> <span class='ocrx_word' id='word_1_76' title='bbox 844 2065 1038 2129; x_wconf 86' lang='lat' dir='ltr'>institution</span> <span class='ocrx_word' id='word_1_77' title='bbox 1064 2063 1102 2127; x_wconf 87' lang='lat' dir='ltr'>of</span> <span class='ocrx_word' id='word_1_78' title='bbox 1121 2063 1198 2129; x_wconf 90' lang='lat' dir='ltr'>d&#39;ns</span> <span class='ocrx_word' id='word_1_79' title='bbox 1224 2063 1559 2148; x_wconf 78' lang='lat' dir='ltr'>Henry1474‚Aug.2o.</span> 
     </span>
     <span class='ocr_line' id='line_1_14' title="bbox 246 2164 1346 2248; baseline 0 -21"><span class='ocrx_word' id='word_1_80' title='bbox 246 2165 389 2240; x_wconf 85' lang='lat' dir='ltr'>Warde,</span> <span class='ocrx_word' id='word_1_81' title='bbox 416 2165 592 2248; x_wconf 80' lang='lat' dir='ltr'>cltaplain,</span> <span class='ocrx_word' id='word_1_82' title='bbox 619 2178 654 2229; x_wconf 93' lang='lat' dir='ltr'>to</span> <span class='ocrx_word' id='word_1_83' title='bbox 686 2164 743 2228; x_wconf 91' lang='lat' dir='ltr'>the</span> <span class='ocrx_word' id='word_1_84' title='bbox 774 2165 937 2248; x_wconf 87' lang='lat' dir='ltr'>vicarage</span> <span class='ocrx_word' id='word_1_85' title='bbox 961 2164 998 2227; x_wconf 82' lang='lat' dir='ltr'>of</span> <span class='ocrx_word' id='word_1_86' title='bbox 1019 2164 1076 2227; x_wconf 92' lang='lat' dir='ltr'>the</span> <span class='ocrx_word' id='word_1_87' title='bbox 1100 2185 1254 2247; x_wconf 89' lang='lat' dir='ltr'>canonry</span> <span class='ocrx_word' id='word_1_88' title='bbox 1278 2165 1346 2227; x_wconf 90' lang='lat' dir='ltr'>and</span> 
     </span>
     <span class='ocr_line' id='line_1_15' title="bbox 245 2262 1345 2348; baseline -0.002 -20"><span class='ocrx_word' id='word_1_89' title='bbox 245 2265 396 2346; x_wconf 87' lang='lat' dir='ltr'>prebend</span> <span class='ocrx_word' id='word_1_90' title='bbox 429 2263 467 2328; x_wconf 88' lang='lat' dir='ltr'>of</span> <span class='ocrx_word' id='word_1_91' title='bbox 502 2265 681 2341; x_wconf 82' lang='lat' dir='ltr'>Sharmve,</span> <span class='ocrx_word' id='word_1_92' title='bbox 716 2277 841 2328; x_wconf 88' lang='lat' dir='ltr'>vacant</span> <span class='ocrx_word' id='word_1_93' title='bbox 871 2266 918 2348; x_wconf 93' lang='lat' dir='ltr'>by</span> <span class='ocrx_word' id='word_1_94' title='bbox 949 2264 1052 2328; x_wconf 87' lang='lat' dir='ltr'>death</span> <span class='ocrx_word' id='word_1_95' title='bbox 1084 2262 1122 2327; x_wconf 86' lang='lat' dir='ltr'>of</span> <span class='ocrx_word' id='word_1_96' title='bbox 1148 2263 1226 2327; x_wconf 89' lang='lat' dir='ltr'>d&#39;ns</span> <span class='ocrx_word' id='word_1_97' title='bbox 1255 2263 1345 2347; x_wconf 87' lang='lat' dir='ltr'>John</span> 
     </span>
     <span class='ocr_line' id='line_1_16' title="bbox 243 2363 1349 2448; baseline 0.001 -21"><span class='ocrx_word' id='word_1_98' title='bbox 243 2365 373 2447; x_wconf 81' lang='lat' dir='ltr'>Snape,</span> <span class='ocrx_word' id='word_1_99' title='bbox 409 2386 453 2428; x_wconf 93' lang='lat' dir='ltr'>on</span> <span class='ocrx_word' id='word_1_100' title='bbox 488 2364 721 2447; x_wconf 88' lang='lat' dir='ltr'>presentation</span> <span class='ocrx_word' id='word_1_101' title='bbox 758 2364 796 2428; x_wconf 85' lang='lat' dir='ltr'>of</span> <span class='ocrx_word' id='word_1_102' title='bbox 830 2364 896 2426; x_wconf 84' lang='lat' dir='ltr'>Mt.</span> <span class='ocrx_word' id='word_1_103' title='bbox 931 2364 1021 2448; x_wconf 89' lang='lat' dir='ltr'>John</span> <span class='ocrx_word' id='word_1_104' title='bbox 1057 2363 1272 2441; x_wconf 86' lang='lat' dir='ltr'>Pakenbam,</span> <span class='ocrx_word' id='word_1_105' title='bbox 1308 2385 1349 2428; x_wconf 88' lang='lat'>20</span> 
     </span>
     <span class='ocr_line' id='line_1_17' title="bbox 244 2464 791 2548; baseline -0.002 -22"><span class='ocrx_word' id='word_1_106' title='bbox 244 2464 353 2548; x_wconf 61' lang='lat' dir='ltr'>Aug„</span> <span class='ocrx_word' id='word_1_107' title='bbox 380 2482 470 2547; x_wconf 80' lang='lat'>1474.</span> <span class='ocrx_word' id='word_1_108' title='bbox 520 2465 638 2544; x_wconf 89' lang='lat' dir='ltr'>(Form</span> <span class='ocrx_word' id='word_1_109' title='bbox 660 2465 725 2528; x_wconf 90' lang='grc' dir='ltr'>Νο.</span> <span class='ocrx_word' id='word_1_110' title='bbox 748 2467 791 2545; x_wconf 89' lang='lat'>2).</span> 
     </span>
    </p>
   </div>
   <div class='ocr_carea' id='block_1_5' title="bbox 242 2652 1112 2734">
    <p class='ocr_par' dir='ltr' id='par_1_5' title="bbox 242 2652 1112 2734">
     <span class='ocr_line' id='line_1_18' title="bbox 242 2652 1112 2734; baseline -0.001 -19"><span class='ocrx_word' id='word_1_111' title='bbox 242 2662 285 2728; x_wconf 62' lang='lat'>31²</span> <span class='ocrx_word' id='word_1_112' title='bbox 377 2655 447 2734; x_wconf 88' lang='lat'><em>(12)</em></span> <span class='ocrx_word' id='word_1_113' title='bbox 473 2653 798 2717; x_wconf 77' lang='lat' dir='ltr'>Consrrructouss</span> <span class='ocrx_word' id='word_1_114' title='bbox 826 2652 1112 2715; x_wconf 79' lang='lat' dir='ltr'>Mintsmonun.</span> 
     </span>
    </p>
   </div>
   <div class='ocr_carea' id='block_1_6' title="bbox 243 2789 1561 3278">
    <p class='ocr_par' dir='ltr' id='par_1_6' title="bbox 243 2789 1561 3278">
     <span class='ocr_line' id='line_1_19' title="bbox 331 2789 1525 2876; baseline 0.004 -22"><span class='ocrx_word' id='word_1_115' title='bbox 331 2790 505 2876; x_wconf 78' lang='lat' dir='ltr'>Quamuis</span> <span class='ocrx_word' id='word_1_116' title='bbox 529 2789 673 2854; x_wconf 86' lang='lat' dir='ltr'>ecclesie</span> <span class='ocrx_word' id='word_1_117' title='bbox 701 2789 842 2874; x_wconf 88' lang='lat' dir='ltr'>Rypon’</span> <span class='ocrx_word' id='word_1_118' title='bbox 867 2802 994 2854; x_wconf 88' lang='lat' dir='ltr'>statuta</span> <span class='ocrx_word' id='word_1_119' title='bbox 1015 2811 1055 2854; x_wconf 92' lang='lat' dir='ltr'>ac</span> <span class='ocrx_word' id='word_1_120' title='bbox 1079 2789 1348 2854; x_wconf 89' lang='lat' dir='ltr'>obseruaciones</span> <span class='ocrx_word' id='word_1_121' title='bbox 1396 2808 1525 2859; x_wconf 73' lang='lat' dir='ltr'>Nouate.</span> 
     </span>
     <span class='ocr_line' id='line_1_20' title="bbox 243 2889 1348 2973; baseline -0.002 -19"><span class='ocrx_word' id='word_1_122' title='bbox 243 2891 399 2973; x_wconf 89' lang='lat' dir='ltr'>antiqua,</span> <span class='ocrx_word' id='word_1_123' title='bbox 434 2912 474 2954; x_wconf 91' lang='lat' dir='ltr'>ac</span> <span class='ocrx_word' id='word_1_124' title='bbox 511 2890 621 2972; x_wconf 90' lang='lat' dir='ltr'>ipsius</span> <span class='ocrx_word' id='word_1_125' title='bbox 660 2891 803 2954; x_wconf 87' lang='lat' dir='ltr'>ecclesie</span> <span class='ocrx_word' id='word_1_126' title='bbox 838 2911 878 2953; x_wconf 94' lang='lat' dir='ltr'>ac</span> <span class='ocrx_word' id='word_1_127' title='bbox 914 2889 1150 2954; x_wconf 92' lang='lat' dir='ltr'>ministrorum</span> <span class='ocrx_word' id='word_1_128' title='bbox 1191 2890 1348 2955; x_wconf 88' lang='lat' dir='ltr'>eiusdem·</span> 
     </span>
     <span class='ocr_line' id='line_1_21' title="bbox 245 2989 1345 3075; baseline -0.001 -22"><span class='ocrx_word' id='word_1_129' title='bbox 245 2990 401 3075; x_wconf 86' lang='lat' dir='ltr'>regimen</span> <span class='ocrx_word' id='word_1_130' title='bbox 420 2991 602 3054; x_wconf 88' lang='lat' dir='ltr'>videantur</span> <span class='ocrx_word' id='word_1_131' title='bbox 625 2989 793 3066; x_wconf 88' lang='lat' dir='ltr'>sufficere,</span> <span class='ocrx_word' id='word_1_132' title='bbox 814 2990 897 3071; x_wconf 90' lang='lat' dir='ltr'>quia</span> <span class='ocrx_word' id='word_1_133' title='bbox 921 3003 1035 3053; x_wconf 90' lang='lat' dir='ltr'>tamen</span> <span class='ocrx_word' id='word_1_134' title='bbox 1062 3010 1122 3072; x_wconf 92' lang='lat' dir='ltr'>per</span> <span class='ocrx_word' id='word_1_135' title='bbox 1147 2991 1345 3074; x_wconf 86' lang='lat' dir='ltr'>regencium</span> 
     </span>
     <span class='ocr_line' id='line_1_22' title="bbox 244 3089 1348 3161; baseline -0.002 -7"><span class='ocrx_word' id='word_1_136' title='bbox 244 3090 510 3161; x_wconf 83' lang='lat' dir='ltr'>conniuenciam</span> <span class='ocrx_word' id='word_1_137' title='bbox 540 3111 580 3153; x_wconf 90' lang='lat' dir='ltr'>ac</span> <span class='ocrx_word' id='word_1_138' title='bbox 607 3089 826 3153; x_wconf 89' lang='lat' dir='ltr'>subditorum</span> <span class='ocrx_word' id='word_1_139' title='bbox 861 3089 1028 3152; x_wconf 92' lang='lat' dir='ltr'>incuriam</span> <span class='ocrx_word' id='word_1_140' title='bbox 1063 3111 1131 3153; x_wconf 93' lang='lat' dir='ltr'>non</span> <span class='ocrx_word' id='word_1_141' title='bbox 1164 3102 1348 3154; x_wconf 90' lang='lat' dir='ltr'>seruantur</span> 
     </span>
     <span class='ocr_line' id='line_1_23' title="bbox 245 3189 1561 3278; baseline -0.001 -26"><span class='ocrx_word' id='word_1_142' title='bbox 245 3203 281 3253; x_wconf 92' lang='lat' dir='ltr'>ut</span> <span class='ocrx_word' id='word_1_143' title='bbox 297 3190 442 3267; x_wconf 90' lang='lat' dir='ltr'>deceret,</span> <span class='ocrx_word' id='word_1_144' title='bbox 463 3190 538 3265; x_wconf 90' lang='lat' dir='ltr'>hos,</span> <span class='ocrx_word' id='word_1_145' title='bbox 559 3190 688 3270; x_wconf 92' lang='lat' dir='ltr'>quibus</span> <span class='ocrx_word' id='word_1_146' title='bbox 708 3210 798 3252; x_wconf 92' lang='lat' dir='ltr'>onus</span> <span class='ocrx_word' id='word_1_147' title='bbox 819 3189 989 3253; x_wconf 92' lang='lat' dir='ltr'>incumbit</span> <span class='ocrx_word' id='word_1_148' title='bbox 1009 3189 1042 3251; x_wconf 91' lang='lat' dir='ltr'>in</span> <span class='ocrx_word' id='word_1_149' title='bbox 1065 3189 1129 3252; x_wconf 88' lang='lat' dir='ltr'>hac</span> <span class='ocrx_word' id='word_1_150' title='bbox 1150 3202 1255 3272; x_wconf 92' lang='lat' dir='ltr'>parte,</span> <span class='ocrx_word' id='word_1_151' title='bbox 1278 3210 1345 3253; x_wconf 92' lang='lat' dir='ltr'>non</span> <span class='ocrx_word' id='word_1_152' title='bbox 1396 3214 1469 3262; x_wconf 67' lang='lat' dir='ltr'>No„</span> <span class='ocrx_word' id='word_1_153' title='bbox 1489 3215 1561 3278; x_wconf 81' lang='lat' dir='ltr'>quod</span> 
     </span>
    </p>
   </div>
   <div class='ocr_carea' id='block_1_7' title="bbox 245 3279 1517 3394">
    <p class='ocr_par' dir='ltr' id='par_1_7' title="bbox 245 3279 1517 3394">
     <span class='ocr_line' id='line_1_24' title="bbox 245 3279 1517 3394; baseline 0.006 -42"><span class='ocrx_word' id='word_1_154' title='bbox 245 3312 337 3353; x_wconf 87' lang='lat' dir='ltr'>noua</span> <span class='ocrx_word' id='word_1_155' title='bbox 375 3289 517 3353; x_wconf 87' lang='lat' dir='ltr'>edentes</span> <span class='ocrx_word' id='word_1_156' title='bbox 552 3289 611 3353; x_wconf 91' lang='lat' dir='ltr'>sed</span> <span class='ocrx_word' id='word_1_157' title='bbox 652 3289 806 3370; x_wconf 88' lang='lat' dir='ltr'>antiquis</span> <span class='ocrx_word' id='word_1_158' title='bbox 841 3289 1051 3370; x_wconf 87' lang='lat' dir='ltr'>quibusdam</span> <span class='ocrx_word' id='word_1_159' title='bbox 1088 3279 1517 3394; x_wconf 45' lang='grc' dir='ltr'>ἃάἰεεοίοηίὺυεὲᾞξζξω</span> 
     </span>
    </p>
   </div>
   <div class='ocr_carea' id='block_1_8' title="bbox 245 3389 1486 3472">
    <p class='ocr_par' dir='ltr' id='par_1_8' title="bbox 245 3389 1486 3472">
     <span class='ocr_line' id='line_1_25' title="bbox 245 3389 1486 3472; baseline 0.006 -20"><span class='ocrx_word' id='word_1_160' title='bbox 245 3390 413 3454; x_wconf 88' lang='lat' dir='ltr'>roboratis</span> <span class='ocrx_word' id='word_1_161' title='bbox 431 3389 640 3466; x_wconf 65' lang='lat' dir='ltr'>inherentes</span> <span class='ocrx_word' id='word_1_162' title='bbox 658 3390 832 3467; x_wconf 89' lang='lat' dir='ltr'>volumus,</span> <span class='ocrx_word' id='word_1_163' title='bbox 854 3389 1075 3472; x_wconf 88' lang='lat' dir='ltr'>precipimus,</span> <span class='ocrx_word' id='word_1_164' title='bbox 1091 3410 1131 3452; x_wconf 90' lang='lat' dir='ltr'>ac</span> <span class='ocrx_word' id='word_1_165' title='bbox 1148 3389 1344 3467; x_wconf 71' lang='lat' dir='ltr'>statuimus</span> <span class='ocrx_word' id='word_1_166' title='bbox 1362 3417 1486 3458; x_wconf 78' lang='lat' dir='ltr'>teneatur</span> 
     </span>
    </p>
   </div>
   <div class='ocr_carea' id='block_1_9' title="bbox 243 3477 1561 3605">
    <p class='ocr_par' dir='ltr' id='par_1_9' title="bbox 243 3477 1561 3605">
     <span class='ocr_line' id='line_1_26' title="bbox 243 3477 1561 3605; baseline -0.018 -59"><span class='ocrx_word' id='word_1_167' title='bbox 243 3490 336 3571; x_wconf 91' lang='lat' dir='ltr'>quod</span> <span class='ocrx_word' id='word_1_168' title='bbox 361 3490 509 3572; x_wconf 87' lang='lat' dir='ltr'>quilibet</span> <span class='ocrx_word' id='word_1_169' title='bbox 536 3488 737 3575; x_wconf 86' lang='lat' dir='ltr'>Canonicus</span> <span class='ocrx_word' id='word_1_170' title='bbox 766 3489 925 3571; x_wconf 89' lang='lat' dir='ltr'>proprios</span> <span class='ocrx_word' id='word_1_171' title='bbox 950 3488 1075 3552; x_wconf 89' lang='lat' dir='ltr'>babeat</span> <span class='ocrx_word' id='word_1_172' title='bbox 1102 3488 1345 3572; x_wconf 85' lang='lat' dir='ltr'>Capellanum,</span> <span class='ocrx_word' id='word_1_173' title='bbox 1362 3477 1561 3605; x_wconf 48' lang='lat' dir='ltr'>gssggrrpmsuum</span> 
     </span>
    </p>
   </div>
   <div class='ocr_carea' id='block_1_10' title="bbox 246 3589 1533 3683">
    <p class='ocr_par' dir='ltr' id='par_1_10' title="bbox 246 3589 1533 3683">
     <span class='ocr_line' id='line_1_27' title="bbox 246 3589 1533 3683; baseline 0.002 -31"><span class='ocrx_word' id='word_1_174' title='bbox 246 3589 456 3667; x_wconf 87' lang='lat' dir='ltr'>Diaconum,</span> <span class='ocrx_word' id='word_1_175' title='bbox 505 3611 544 3653; x_wconf 88' lang='lat' dir='ltr'>ac</span> <span class='ocrx_word' id='word_1_176' title='bbox 590 3590 843 3653; x_wconf 86' lang='lat' dir='ltr'>subdiaconum</span> <span class='ocrx_word' id='word_1_177' title='bbox 897 3590 929 3651; x_wconf 93' lang='lat' dir='ltr'>in</span> <span class='ocrx_word' id='word_1_178' title='bbox 982 3589 1057 3671; x_wconf 91' lang='lat' dir='ltr'>ipsa</span> <span class='ocrx_word' id='word_1_179' title='bbox 1107 3589 1262 3666; x_wconf 89' lang='lat' dir='ltr'>ecclesia,</span> <span class='ocrx_word' id='word_1_180' title='bbox 1312 3602 1349 3652; x_wconf 92' lang='lat' dir='ltr'>ut</span> <span class='ocrx_word' id='word_1_181' title='bbox 1362 3608 1533 3683; x_wconf 62' lang='lat' dir='ltr'>capellanum</span> 
     </span>
    </p>
   </div>
   <div class='ocr_carea' id='block_1_11' title="bbox 243 3672 1561 3796">
    <p class='ocr_par' dir='ltr' id='par_1_11' title="bbox 243 3672 1561 3796">
     <span class='ocr_line' id='line_1_28' title="bbox 243 3672 1561 3796; baseline 0.008 -45"><span class='ocrx_word' id='word_1_182' title='bbox 243 3689 477 3772; x_wconf 84' lang='lat' dir='ltr'>subscriptum</span> <span class='ocrx_word' id='word_1_183' title='bbox 518 3702 569 3752; x_wconf 93' lang='lat' dir='ltr'>est</span> <span class='ocrx_word' id='word_1_184' title='bbox 607 3689 852 3752; x_wconf 88' lang='lat' dir='ltr'>deservituros.</span> <span class='ocrx_word' id='word_1_185' title='bbox 926 3689 1005 3752; x_wconf 83' lang='lat' dir='ltr'>Sint</span> <span class='ocrx_word' id='word_1_186' title='bbox 1046 3689 1154 3752; x_wconf 89' lang='lat' dir='ltr'>eciam</span> <span class='ocrx_word' id='word_1_187' title='bbox 1196 3689 1347 3753; x_wconf 90' lang='lat' dir='ltr'>minores</span> <span class='ocrx_word' id='word_1_188' title='bbox 1362 3672 1561 3796; x_wconf 38' lang='lat' dir='ltr'>{iavfflsslzngt</span> 
     </span>
    </p>
   </div>
   <div class='ocr_carea' id='block_1_12' title="bbox 244 3784 1504 3971">
    <p class='ocr_par' dir='ltr' id='par_1_12' title="bbox 244 3784 1504 3971">
     <span class='ocr_line' id='line_1_29' title="bbox 246 3784 1504 3853; baseline -0.009 -2"><span class='ocrx_word' id='word_1_189' title='bbox 246 3789 392 3853; x_wconf 89' lang='lat' dir='ltr'>ministri</span> <span class='ocrx_word' id='word_1_190' title='bbox 425 3784 630 3853; x_wconf 89' lang='lat' dir='ltr'>communes</span> <span class='ocrx_word' id='word_1_191' title='bbox 662 3812 722 3853; x_wconf 82' lang='lat' dir='ltr'>sex</span> <span class='ocrx_word' id='word_1_192' title='bbox 755 3790 788 3851; x_wconf 92' lang='lat' dir='ltr'>in</span> <span class='ocrx_word' id='word_1_193' title='bbox 821 3789 941 3852; x_wconf 90' lang='lat' dir='ltr'>eadem</span> <span class='ocrx_word' id='word_1_194' title='bbox 974 3789 1119 3852; x_wconf 89' lang='lat' dir='ltr'>ecclesia</span> <span class='ocrx_word' id='word_1_195' title='bbox 1148 3790 1504 3853; x_wconf 83' lang='lat' dir='ltr'>secundumsubdiaco.</span> 
     </span>
     <span class='ocr_line' id='line_1_30' title="bbox 244 3885 1432 3971; baseline -0.017 -18"><span class='ocrx_word' id='word_1_196' title='bbox 244 3888 395 3971; x_wconf 89' lang='lat' dir='ltr'>Capituli</span> <span class='ocrx_word' id='word_1_197' title='bbox 420 3888 680 3952; x_wconf 87' lang='lat' dir='ltr'>ordinacionem</span> <span class='ocrx_word' id='word_1_198' title='bbox 707 3889 944 3952; x_wconf 86' lang='lat' dir='ltr'>ministraturi.</span> <span class='ocrx_word' id='word_1_199' title='bbox 1361 3885 1432 3917; x_wconf 82' lang='lat' dir='ltr'>num.</span> 
     </span>
    </p>
   </div>
   <div class='ocr_carea' id='block_1_13' title="bbox 330 4050 1561 4134">
    <p class='ocr_par' dir='ltr' id='par_1_13' title="bbox 330 4050 1561 4134">
     <span class='ocr_line' id='line_1_31' title="bbox 330 4050 1561 4134; baseline 0.002 -20"><span class='ocrx_word' id='word_1_200' title='bbox 330 4051 346 4115; x_wconf 65' lang='lat'>¹,</span> <span class='ocrx_word' id='word_1_201' title='bbox 398 4050 614 4114; x_wconf 89' lang='lat' dir='ltr'>Ordinamus</span> <span class='ocrx_word' id='word_1_202' title='bbox 631 4051 739 4114; x_wconf 90' lang='lat' dir='ltr'>eciam</span> <span class='ocrx_word' id='word_1_203' title='bbox 757 4051 849 4132; x_wconf 90' lang='lat' dir='ltr'>quod</span> <span class='ocrx_word' id='word_1_204' title='bbox 872 4072 994 4114; x_wconf 92' lang='lat' dir='ltr'>omnes</span> <span class='ocrx_word' id='word_1_205' title='bbox 1011 4053 1181 4134; x_wconf 88' lang='lat' dir='ltr'>capellani</span> <span class='ocrx_word' id='word_1_206' title='bbox 1199 4054 1343 4132; x_wconf 83' lang='lat' dir='ltr'>(erased,</span> <span class='ocrx_word' id='word_1_207' title='bbox 1395 4068 1469 4116; x_wconf 84' lang='lat' dir='ltr'>Nota</span> <span class='ocrx_word' id='word_1_208' title='bbox 1491 4069 1561 4117; x_wconf 83' lang='lat' dir='ltr'>hanc</span> 
     </span>
    </p>
   </div>
   <div class='ocr_carea' id='block_1_14' title="bbox 242 4133 1561 4262">
    <p class='ocr_par' dir='ltr' id='par_1_14' title="bbox 242 4133 1561 4262">
     <span class='ocr_line' id='line_1_32' title="bbox 242 4133 1561 4262; baseline 0.005 -44"><span class='ocrx_word' id='word_1_209' title='bbox 242 4157 317 4218; x_wconf 81' lang='lat' dir='ltr'>mul</span> <span class='ocrx_word' id='word_1_210' title='bbox 345 4156 462 4219; x_wconf 86' lang='lat' dir='ltr'>vicarii</span> <span class='ocrx_word' id='word_1_211' title='bbox 495 4157 627 4218; x_wconf 80' lang='lat' dir='ltr'>wrz&#39;tteu</span> <span class='ocrx_word' id='word_1_212' title='bbox 659 4158 761 4236; x_wconf 80' lang='lat' dir='ltr'>over),</span> <span class='ocrx_word' id='word_1_213' title='bbox 792 4155 941 4230; x_wconf 89' lang='lat' dir='ltr'>diaconi,</span> <span class='ocrx_word' id='word_1_214' title='bbox 977 4156 1193 4232; x_wconf 89' lang='lat' dir='ltr'>subdiaconi,</span> <span class='ocrx_word' id='word_1_215' title='bbox 1224 4170 1257 4220; x_wconf 93' lang='lat' dir='ltr'>et</span> <span class='ocrx_word' id='word_1_216' title='bbox 1287 4157 1346 4219; x_wconf 91' lang='lat' dir='ltr'>alii</span> <span class='ocrx_word' id='word_1_217' title='bbox 1361 4133 1561 4262; x_wconf 48' lang='lat' dir='ltr'>{prpffipod</span> 
     </span>
    </p>
   </div>
   <div class='ocr_carea' id='block_1_15' title="bbox 245 4255 1562 4444">
    <p class='ocr_par' dir='ltr' id='par_1_15' title="bbox 245 4255 1562 4444">
     <span class='ocr_line' id='line_1_33' title="bbox 246 4255 1562 4340; baseline 0.002 -24"><span class='ocrx_word' id='word_1_218' title='bbox 246 4255 355 4337; x_wconf 90' lang='lat' dir='ltr'>ipsius</span> <span class='ocrx_word' id='word_1_219' title='bbox 379 4255 522 4318; x_wconf 90' lang='lat' dir='ltr'>ecclesie</span> <span class='ocrx_word' id='word_1_220' title='bbox 548 4255 707 4331; x_wconf 90' lang='lat' dir='ltr'>ministri,</span> <span class='ocrx_word' id='word_1_221' title='bbox 729 4255 910 4318; x_wconf 86' lang='lat' dir='ltr'>matutinis</span> <span class='ocrx_word' id='word_1_222' title='bbox 934 4267 966 4318; x_wconf 90' lang='lat' dir='ltr'>et</span> <span class='ocrx_word' id='word_1_223' title='bbox 991 4255 1085 4319; x_wconf 90' lang='lat' dir='ltr'>boris</span> <span class='ocrx_word' id='word_1_224' title='bbox 1109 4257 1287 4321; x_wconf 90' lang='lat' dir='ltr'>canonicis</span> <span class='ocrx_word' id='word_1_225' title='bbox 1306 4262 1562 4340; x_wconf 66' lang='lat' dir='ltr'>acorirnesvteartj</span> 
     </span>
     <span class='ocr_line' id='line_1_34' title="bbox 245 4331 1562 4444; baseline 0.001 -27"><span class='ocrx_word' id='word_1_226' title='bbox 245 4377 373 4439; x_wconf 86' lang='lat' dir='ltr'>magne</span> <span class='ocrx_word' id='word_1_227' title='bbox 406 4355 510 4418; x_wconf 90' lang='lat' dir='ltr'>misse</span> <span class='ocrx_word' id='word_1_228' title='bbox 541 4355 693 4438; x_wconf 87' lang='lat' dir='ltr'>singulis</span> <span class='ocrx_word' id='word_1_229' title='bbox 725 4355 847 4418; x_wconf 89' lang='lat' dir='ltr'>diebus</span> <span class='ocrx_word' id='word_1_230' title='bbox 878 4355 910 4416; x_wconf 94' lang='lat' dir='ltr'>in</span> <span class='ocrx_word' id='word_1_231' title='bbox 939 4356 1046 4419; x_wconf 89' lang='lat' dir='ltr'>choro</span> <span class='ocrx_word' id='word_1_232' title='bbox 1078 4355 1247 4434; x_wconf 91' lang='lat' dir='ltr'>intersint,</span> <span class='ocrx_word' id='word_1_233' title='bbox 1280 4357 1345 4421; x_wconf 91' lang='lat' dir='ltr'>nisi</span> <span class='ocrx_word' id='word_1_234' title='bbox 1361 4331 1562 4444; x_wconf 51' lang='lat' dir='ltr'>sslffjffiffisskl</span> 
     </span>
    </p>
   </div>
   <div class='ocr_carea' id='block_1_16' title="bbox 243 4454 1562 4739">
    <p class='ocr_par' dir='ltr' id='par_1_16' title="bbox 243 4454 1562 4739">
     <span class='ocr_line' id='line_1_35' title="bbox 244 4454 1562 4540; baseline -0.012 -24"><span class='ocrx_word' id='word_1_235' title='bbox 244 4455 402 4519; x_wconf 90' lang='lat' dir='ltr'>visitacio</span> <span class='ocrx_word' id='word_1_236' title='bbox 429 4454 644 4518; x_wconf 86' lang='lat' dir='ltr'>infirmorum</span> <span class='ocrx_word' id='word_1_237' title='bbox 674 4455 867 4519; x_wconf 90' lang='lat' dir='ltr'>necessaria</span> <span class='ocrx_word' id='word_1_238' title='bbox 895 4476 955 4518; x_wconf 91' lang='lat' dir='ltr'>seu</span> <span class='ocrx_word' id='word_1_239' title='bbox 985 4454 1168 4520; x_wconf 86' lang='lat' dir='ltr'>infirmitas</span> <span class='ocrx_word' id='word_1_240' title='bbox 1194 4457 1343 4540; x_wconf 88' lang='lat' dir='ltr'>propria,</span> <span class='ocrx_word' id='word_1_241' title='bbox 1360 4471 1440 4537; x_wconf 68' lang='lat' dir='ltr'>entur</span> <span class='ocrx_word' id='word_1_242' title='bbox 1482 4462 1562 4509; x_wconf 75' lang='lat' dir='ltr'>inter.</span> 
     </span>
     <span class='ocr_line' id='line_1_36' title="bbox 243 4529 1558 4639; baseline -0.006 -21"><span class='ocrx_word' id='word_1_243' title='bbox 243 4569 303 4617; x_wconf 89' lang='lat' dir='ltr'>aut</span> <span class='ocrx_word' id='word_1_244' title='bbox 319 4555 505 4639; x_wconf 84' lang='lat' dir='ltr'>sanguinis</span> <span class='ocrx_word' id='word_1_245' title='bbox 526 4555 679 4618; x_wconf 89' lang='lat' dir='ltr'>minucio</span> <span class='ocrx_word' id='word_1_246' title='bbox 704 4555 737 4616; x_wconf 92' lang='lat' dir='ltr'>in</span> <span class='ocrx_word' id='word_1_247' title='bbox 763 4554 874 4617; x_wconf 87' lang='lat' dir='ltr'>forma</span> <span class='ocrx_word' id='word_1_248' title='bbox 898 4567 1074 4631; x_wconf 87' lang='lat' dir='ltr'>consueta,</span> <span class='ocrx_word' id='word_1_249' title='bbox 1101 4568 1161 4618; x_wconf 91' lang='lat' dir='ltr'>aut</span> <span class='ocrx_word' id='word_1_250' title='bbox 1184 4557 1348 4621; x_wconf 89' lang='lat' dir='ltr'>absencia</span> <span class='ocrx_word' id='word_1_251' title='bbox 1362 4543 1424 4575; x_wconf 63' lang='lat'>‘&#39;⁴³⁵‘&#39;</span> <span class='ocrx_word' id='word_1_252' title='bbox 1435 4529 1558 4576; x_wconf 65' lang='lat' dir='ltr'>¹⁰⁰h⁰‘⁰&#39;</span> 
     </span>
     <span class='ocr_line' id='line_1_37' title="bbox 245 4653 1348 4739; baseline -0.002 -21"><span class='ocrx_word' id='word_1_253' title='bbox 245 4668 383 4738; x_wconf 90' lang='lat' dir='ltr'>propter</span> <span class='ocrx_word' id='word_1_254' title='bbox 399 4653 580 4718; x_wconf 84' lang='lat' dir='ltr'>defunctos</span> <span class='ocrx_word' id='word_1_255' title='bbox 598 4655 802 4732; x_wconf 90' lang='lat' dir='ltr'>necessaria,</span> <span class='ocrx_word' id='word_1_256' title='bbox 822 4667 883 4716; x_wconf 92' lang='lat' dir='ltr'>aut</span> <span class='ocrx_word' id='word_1_257' title='bbox 900 4654 1010 4738; x_wconf 93' lang='lat' dir='ltr'>ipsius</span> <span class='ocrx_word' id='word_1_258' title='bbox 1027 4656 1167 4738; x_wconf 88' lang='lat' dir='ltr'>capituli</span> <span class='ocrx_word' id='word_1_259' title='bbox 1186 4657 1348 4739; x_wconf 87' lang='lat' dir='ltr'>specialis</span> 
     </span>
    </p>
   </div>
   <div class='ocr_carea' id='block_1_17' title="bbox 310 4806 1100 4871">
    <p class='ocr_par' dir='ltr' id='par_1_17' title="bbox 310 4806 1100 4871">
     <span class='ocr_line' id='line_1_38' title="bbox 310 4806 1100 4871; baseline -0.005 -13"><span class='ocrx_word' id='word_1_260' title='bbox 310 4815 316 4836; x_wconf 86' lang='lat'><strong>¹</strong></span> <span class='ocrx_word' id='word_1_261' title='bbox 340 4825 365 4871; x_wconf 79' lang='lat'>13</span> <span class='ocrx_word' id='word_1_262' title='bbox 378 4811 491 4858; x_wconf 86' lang='lat' dir='ltr'>crossed</span> <span class='ocrx_word' id='word_1_263' title='bbox 505 4818 560 4857; x_wconf 85' lang='lat' dir='ltr'>out.</span> <span class='ocrx_word' id='word_1_264' title='bbox 628 4814 638 4833; x_wconf 83' lang='lat'>&#39;¹</span> <span class='ocrx_word' id='word_1_265' title='bbox 656 4807 691 4854; x_wconf 87' lang='lat' dir='ltr'>At</span> <span class='ocrx_word' id='word_1_266' title='bbox 704 4809 769 4863; x_wconf 85' lang='lat' dir='ltr'>t&#39;oot,</span> <span class='ocrx_word' id='word_1_267' title='bbox 787 4806 914 4869; x_wconf 86' lang='lat' dir='ltr'>“primus</span> <span class='ocrx_word' id='word_1_268' title='bbox 928 4807 1100 4869; x_wconf 83' lang='lat' dir='ltr'>quaternus.&#39;&#39;</span> 
     </span>
    </p>
   </div>
   <div class='ocr_carea' id='block_1_18' title="bbox 0 0 1700 5650">
    <p class='ocr_par' dir='ltr' id='par_1_18' title="bbox 0 0 1700 5650">
     <span class='ocr_line' id='line_1_39' title="bbox 0 0 1700 5650; baseline 0 2"><span class='ocrx_word' id='word_1_269' title='bbox 0 0 1700 5650; x_wconf 95' lang='lat' dir='ltr'> </span> 
     </span>
    </p>
   </div>
  </div>
 </body>
</html>
