3392 5650
331 699 373 766 82
622 698 701 763 Tur
727 699 882 763 ruenni
906 698 1153 763 Munuscnu’r.

331 891 380 955 39.
716 879 804 960 (124)
831 878 888 941 DF.
912 894 1050 942 nonen.

116 1013 140 1050 c.
154 1002 316 1062 12¹sr1234-
419 995 521 1060 Omn.
535 995 592 1077 xpi
604 994 661 1059 fid.
676 1015 725 1078 pr.
737 1014 800 1058 scr.
815 994 877 1058 vis.
891 994 944 1057 vel
957 993 1049 1067 aud,
1062 993 1243 1076 Wymerus
1257 992 1299 1056 de
1310 992 1441 1055 Thom-

332 1103 404 1173 ton,
434 1099 591 1163 salutem.
645 1096 819 1162 Noueritis
848 1118 903 1161 me
931 1097 1008 1161 ded.
1033 1118 1127 1161 cone.
1153 1103 1187 1160 et
1213 1097 1245 1160 h.
1272 1116 1304 1179 p.
1334 1116 1363 1159 c.
1393 1114 1439 1158 m.

330 1202 419 1266 conf.
440 1204 543 1267 beato
562 1202 640 1285 Joh.
660 1201 818 1285 Baptiste
836 1208 872 1265 et
890 1201 1025 1285 Capelle
1044 1222 1117 1265 mee
1136 1201 1178 1265 de
1196 1199 1441 1282 Asmunderby

331 1306 376 1370 ad
403 1307 570 1371 luminare
598 1306 726 1370 ibidem
754 1306 1010 1380 inueniendum,
1041 1305 1062 1388 ij
1093 1305 1260 1369 solidatus
1288 1303 1443 1367 redditus

330 1430 418 1493 quos
440 1410 581 1493 Joh'nes
603 1410 763 1493 Carpent.
787 1410 891 1474 michi
913 1410 1043 1474 soluere
1065 1408 1243 1473 consueuit
1267 1428 1328 1491 pro
1349 1413 1442 1470 tene-

331 1520 450 1578 mento
479 1515 574 1598 quod
604 1515 646 1579 de
677 1535 732 1578 me
762 1520 858 1577 tenet
889 1514 923 1578 in
954 1514 1035 1578 villa
1066 1520 1100 1576 et
1132 1513 1166 1576 in
1198 1511 1369 1582 territorio
1400 1510 1442 1574 de

331 1618 585 1701 Asmunderby.
647 1620 693 1682 Et
724 1618 881 1682 similiter
908 1616 1131 1703 adquietand.
1159 1636 1213 1680 me
1239 1622 1273 1680 et
1299 1617 1368 1680 her.
1395 1635 1440 1678 m.

332 1722 374 1786 de
394 1743 510 1786 annuo
529 1723 666 1787 redditu
686 1743 789 1807 quem
809 1722 940 1786 soluere
959 1721 1200 1786 consueuimus
1219 1721 1261 1785 de
1282 1718 1442 1802 Stodeley

331 1846 394 1909 pro
410 1826 607 1891 molendina
624 1827 665 1890 de
682 1827 709 1890 F
711 1827 781 1902 erk,
799 1846 862 1909 pro
878 1847 925 1890 sa.
945 1846 999 1890 an.
1018 1846 1062 1889 m.
1079 1831 1113 1889 et
1130 1846 1221 1889 omn.
1238 1830 1440 1889 antecessor.

332 1936 367 1993 et
393 1931 462 1995 her.
490 1951 534 1995 m.
583 1932 629 1994 Et
655 1951 717 2015 ego
742 1930 924 2013 Wymerus
949 1935 984 1993 et
1010 1931 1079 1993 her.
1107 1950 1151 1994 m.
1180 1929 1332 2012 prefatos
1357 1928 1444 1992 duos

332 2034 458 2098 solidos
482 2035 575 2117 pred.
595 2034 671 2099 S'co
698 2034 802 2118 (Joh.)
819 2045 827 2073 ¹
854 2040 889 2097 et
909 2033 1044 2118 Capelle
1064 2040 1098 2097 et
1115 2033 1299 2117 Capeliano
1323 2038 1442 2097 contra

332 2159 423 2203 omn.
453 2139 608 2203 homines
634 2140 669 2203 in
697 2159 789 2223 perp.
818 2139 1121 2203 warantizabimus
1147 2144 1182 2201 et
1209 2137 1442 2202 defendemus,

334 2243 375 2306 In
397 2263 425 2307 c.
449 2263 474 2307 r.
499 2249 524 2307 t.
548 2263 598 2326 pr.
622 2264 685 2307 ser.
709 2243 769 2328 sig.
793 2264 838 2307 m.
863 2242 1018 2326 apposui.
1067 2243 1110 2307 H.
1136 2251 1160 2307 t.
1186 2242 1316 2327 Mag'ro
1338 2240 1377 2305 G.
1402 2241 1444 2305 de

333 2346 434 2412 Lard'
455 2346 583 2412 Canon.
605 2346 743 2431 Ripon',
763 2347 904 2411 Warino
923 2353 1006 2411 tunc
1025 2347 1153 2411 balliuo
1173 2346 1311 2429 Ripon',
1332 2345 1444 2409 Rob’o

332 2450 517 2534 Capellano
562 2450 699 2535 Ripon',
745 2451 858 2515 Will'o
902 2451 944 2515 de
989 2451 1163 2534 Stodelay,
1209 2450 1358 2515 Will'mo
1402 2450 1444 2513 de

333 2554 569 2640 Merkingfeld,
591 2555 714 2646 Petrus
736 2555 806 2638 (sic)
829 2555 872 2619 de
891 2555 1012 2620 eadem
1031 2561 1066 2619 et
1086 2555 1169 2620 aliis.

600 2734 688 2817 (125)
715 2734 771 2798 DE
795 2751 914 2798 runnu
940 2752 1177 2800 vrcanronuu.

420 2851 522 2916 Omn.
551 2852 584 2915 h.
613 2872 675 2916 scr.
704 2853 974 2937 cyrografiatum
1001 2853 1063 2917 vis,
1093 2853 1147 2916 vel
1175 2852 1253 2917 aud.
1285 2853 1372 2917 Rob.
1402 2852 1444 2916 de

335 2955 543 3030 Almanberi,
571 2955 644 3019 Ric.
671 2956 713 3019 de
739 2955 882 3039 Topclif,
909 2956 973 3020 Ad.
1001 2956 1074 3020 Nel.
1103 2957 1175 3021 Ric.
1203 2956 1245 3020 de
1272 2957 1443 3041 Bondgat,

333 3059 441 3123 Will's
467 3059 508 3123 de
535 3059 706 3144 Bondgat’
733 3066 767 3123 et
793 3059 911 3142 Joh'es
936 3060 1025 3124 filius
1050 3060 1193 3137 Galfrid
1219 3061 1338 3125 vicarii
1363 3061 1442 3125 eecl.

334 3163 472 3246 Ripon',
491 3184 539 3228 sa.
558 3163 593 3227 in
612 3164 703 3227 D'no
720 3165 976 3248 sempiternam.
1025 3164 1198 3229 Noueritis
1216 3186 1278 3228 nos
1296 3186 1389 3230 conc.
1410 3172 1444 3229 et

334 3267 378 3332 ad
407 3267 545 3331 feodam
572 3267 707 3332 firmam
736 3268 903 3332 dimisisse
931 3289 971 3332 ac
999 3289 1085 3352 pres
1116 3290 1177 3333 ser.
1208 3276 1326 3333 nostro
1354 3269 1443 3334 coni.

335 3371 464 3435 Simoni
495 3371 659 3436 Tanatori
690 3372 732 3435 de
764 3372 930 3456 Prestlay,
962 3393 1068 3437 vnam
1098 3373 1179 3437 dim.
1212 3394 1326 3438 aeram
1357 3380 1445 3437 terre

335 3495 413 3539 cum
432 3481 518 3559 pert.
539 3475 574 3538 in
593 3474 718 3558 Ripon’
738 3495 804 3559 que
822 3475 914 3559 jacet
933 3477 1022 3540 inter
1039 3476 1132 3541 viam
1150 3498 1217 3561 que
1235 3499 1270 3541 se
1288 3478 1444 3542 extendit

335 3580 434 3644 iuxta
450 3599 541 3643 noua
561 3579 758 3643 molendina
778 3585 812 3642 et
837 3586 964 3644 terram
989 3581 1128 3645 Patricii
1153 3582 1194 3645 de
1220 3581 1386 3665 Prestiay,
1404 3588 1439 3645 et

334 3684 502 3748 abbuttat
532 3703 640 3747 vnum
670 3683 784 3766 capud
814 3704 916 3767 super
946 3690 1073 3749 terram
1098 3685 1245 3750 Simonis
1276 3687 1441 3760 Herman,

332 3808 438 3871 quam
459 3787 599 3871 quidem
621 3787 702 3851 dim.
722 3807 837 3852 acram
859 3794 947 3851 terre
968 3809 1030 3852 nos
1051 3790 1236 3855 habuimus
1257 3791 1349 3855 dono
1370 3790 1442 3854 d’ni

334 3890 423 3955 Will.
441 3891 471 3954 le
493 3891 669 3956 Waws0r²
690 3891 867 3976 quondam
884 3892 1046 3957 Canonici
1064 3893 1202 3977 Ripon',
1221 3895 1299 3959 hab.
1319 3901 1353 3958 et
1374 3900 1444 3959 ten.

334 3995 444 4059 eidem
462 3995 591 4059 Simoni
607 4001 642 4058 et
659 3996 728 4060 her.
746 4016 772 4059 s.
790 3995 845 4059 vel
862 4016 928 4061 eor.
947 3997 1070 4082 assign.
1089 3997 1202 4073 libere,
1220 3999 1289 4083 qui.
1308 4000 1394 4063 bene
1411 4005 1445 4062 et

333 4098 368 4163 in
391 4119 485 4182 pace,
509 4120 588 4164 cum
611 4100 770 4164 omnibus
792 4100 915 4183 pertin.
940 4121 979 4176 s,
1002 4101 1221 4167 libertatibus
1243 4109 1278 4166 et
1301 4103 1443 4186 aysiam.

333 4203 368 4267 in
392 4223 486 4287 perp.
536 4203 645 4268 Redd.
672 4203 751 4268 inde
775 4205 957 4269 annuatim
981 4205 1080 4269 nobis
1104 4212 1138 4269 et
1163 4226 1305 4271 success.
1332 4228 1365 4272 n.
1391 4207 1443 4290 ijs.

333 4307 584 4392 sterlingorum,
617 4307 686 4372 scil.
720 4308 858 4372 mediet.
892 4309 937 4374 ad
969 4309 1066 4374 Pent.
1100 4317 1134 4374 et
1166 4311 1291 4374 medie·
1326 4312 1377 4394 (39
1398 4314 1442 4391 v.)

334 4417 444 4475 tatem
462 4411 507 4475 ad
525 4411 548 4475 f.
568 4411 601 4476 S.
622 4412 666 4475 M.
681 4411 721 4488 ,in
739 4412 771 4475 h.
793 4432 855 4495 pro
872 4433 964 4477 omn.
984 4433 1070 4478 serv.
1090 4415 1310 4489 secularibus,
1330 4435 1443 4480 exacc,

333 4522 367 4579 et
393 4515 482 4580 dem.
509 4521 543 4578 et
568 4535 630 4599 pr0
655 4536 746 4580 omn.
773 4516 848 4580 aliis
873 4518 984 4582 rebus.
1033 4517 1104 4581 Nos
1129 4538 1210 4582 vero
1235 4526 1269 4583 et
1294 4540 1383 4584 succ.
1410 4540 1443 4584 n.

332 4619 426 4702 pred.
452 4625 579 4684 terram
603 4640 681 4684 cum
698 4609 792 4702 pert.
818 4620 912 4704 pred.
939 4621 1069 4686 Simoni
1093 4628 1128 4685 et
1151 4623 1221 4687 her.
1246 4643 1271 4688 s.
1298 4622 1353 4687 vel
1376 4643 1442 4688 eor.

405 4787 412 4808 ¹
432 4782 566 4832 inserted.
641 4788 650 4807 ²
670 4781 788 4845 Writing
801 4783 920 4834 blurred.
