3392 5650
388 653 451 734 106
672 655 750 718 Tur.
776 655 931 718 lucum*
957 653 1205 718 Mauuscurrr.

388 832 492 915 Joh’i,
523 833 617 917 quod
647 834 709 918 ipsi
735 832 911 917 quandam
942 831 1140 897 cantariam
1166 831 1208 895 de
1229 851 1298 895 vno
1320 829 1507 914 capellano

389 936 505 1002 diuina
531 937 671 1021 singulis
695 938 816 1002 diebus
841 938 885 1001 ad
910 937 1018 1001 altare
1043 936 1108 1000 S’ci
1134 936 1264 1000 Thome
1288 933 1441 999 Martiris
1468 936 1505 999 in

390 1041 468 1106 eccl.
505 1042 658 1125 predicta
690 1042 723 1106 in
755 1042 883 1106 honore
914 1041 980 1106 S'ci
1011 1039 1157 1106 Wilfridi
1187 1039 1401 1104 celebraturo
1437 1040 1504 1105 im·

391 1153 595 1229 perpetuum
618 1146 715 1210 iuxta
739 1146 993 1211 ordinacionem
1016 1146 1167 1229 ipsorum
1190 1143 1241 1209 W.
1266 1144 1299 1227 J.
1323 1143 1361 1208 T.
1386 1143 1419 1226 J.
1444 1143 1501 1209 W.

390 1248 442 1314 W.
469 1249 522 1314 W.
549 1256 582 1313 et
608 1250 641 1333 J.
668 1251 701 1314 in
727 1251 791 1315 hac
816 1257 915 1335 parte
940 1249 1132 1314 faciendam
1157 1248 1200 1313 de
1224 1268 1315 1313 nouo
1340 1247 1501 1324 fundare,

194 1338 359 1454 mm
391 1353 511 1429 iacere,
541 1354 707 1429 ordinare,
737 1361 771 1419 et
800 1354 962 1429 stabilire,
991 1374 1123 1418 necnon
1151 1357 1284 1437 septem
1310 1352 1500 1437 mesuagia,

206 1472 352 1547 nosciuluic
391 1466 542 1541 quatuor
560 1459 717 1532 bouatas,
739 1466 773 1521 et
794 1458 936 1542 triginta
956 1464 991 1520 et
1011 1477 1135 1521 nouem
1156 1477 1251 1521 aeras
1271 1463 1369 1532 terre,
1390 1476 1502 1520 vnam

191 1539 364 1667 “mm
391 1582 505 1626 acram
537 1563 637 1646 prati,
670 1569 704 1625 et
735 1562 821 1627 duas
853 1583 949 1626 acras
979 1562 1071 1625 bosci
1102 1582 1181 1625 cum
1211 1559 1432 1644 pertinenciis
1463 1559 1501 1624 in

191 1672 356 1749 spfcrfiqatvar
392 1666 594 1750 Bishopton,
635 1666 834 1750 Grantelay,
875 1665 1135 1749 Ouerstodelay‚
1177 1665 1328 1740 Skelton‚
1368 1664 1500 1748 Thorp‚

214 1739 337 1799 mterms.
391 1769 703 1855 Northotryngton,
720 1777 754 1833 et
771 1771 985 1854 Ingerthorp,
1001 1789 1068 1853 que
1083 1769 1125 1834 de
1139 1769 1237 1834 nobis
1251 1789 1321 1833 non
1335 1773 1503 1833 tenentur

390 1881 430 1938 vt
455 1874 590 1950 dicitur,
617 1874 794 1958 capellano
819 1874 972 1938 cantarie
997 1873 1149 1957 predicte
1173 1894 1252 1937 cum
1278 1873 1325 1937 sic
1350 1871 1502 1938 fundata

391 1979 493 2042 luerit
528 1978 609 2043 dare
644 1985 677 2043 et
714 1980 885 2063 assignare
920 1978 1075 2063 possint;
1116 1978 1274 2042 Habend.
1311 1978 1500 2062 mesuagio,

390 2089 527 2158 terram,
552 2089 692 2167 pratum
717 2089 751 2146 et
775 2084 919 2146 boscum
943 2082 1097 2166 predicta
1121 2082 1231 2145 eidem
1255 2081 1439 2166 Capellano
1464 2088 1501 2146 et

389 2187 639 2252 successoribus
661 2188 730 2251 suis
753 2186 945 2271 Capellanis
968 2186 1126 2250 Cantarie
1149 2186 1300 2270 predicte
1322 2186 1441 2250 divina
1463 2187 1500 2251 in

389 2291 528 2355 ecelesia
555 2291 709 2375 predicta
736 2291 780 2355 ad
807 2290 915 2354 altare
942 2291 1134 2374 predictum
1160 2297 1200 2354 vt
1227 2290 1419 2374 predictum
1446 2298 1499 2355 est

389 2395 619 2471 celebraturis,
638 2396 673 2459 in
690 2396 857 2459 auxilium
873 2395 1137 2459 sustentacionis
1153 2416 1213 2459 sue
1229 2394 1264 2459 in
1280 2400 1498 2479 perpetuum,

191 2494 343 2610 'pannulis
389 2500 543 2583 acquod
567 2499 658 2563 idem
680 2500 883 2582 Capellanus
903 2506 937 2562 et
957 2519 1165 2563 successores
1187 2499 1239 2563 sui
1261 2499 1405 2583 predicti
1428 2499 1500 2563 sint

195 2568 363 2692 'ciffiiiffff
388 2623 531 2687 persone
559 2604 690 2668 habiles
717 2611 751 2667 et
779 2624 922 2687 capaces
950 2604 994 2667 ad
1023 2602 1222 2687 adquirend.
1252 2609 1286 2667 et
1315 2603 1498 2687 recipiend.

194 2696 356 2811 ''uzjif‘m'
390 2714 508 2783 terras,
550 2715 758 2783 tenementa,
799 2714 834 2771 et
875 2707 1029 2771 redditus
1062 2728 1109 2771 ac
1149 2707 1232 2771 alias
1271 2707 1500 2792 possessiones

305 2801 311 2811 ’
389 2833 624 2898 quascumque
636 2813 700 2877 sibi
714 2819 749 2877 et
762 2812 1013 2877 successoribus
1027 2812 1096 2876 suis
1111 2811 1272 2895 predictis
1284 2812 1319 2876 in
1332 2811 1500 2877 auxilium

389 2918 653 2983 sustentacionis
672 2938 731 2982 sue
751 2917 903 3001 predicte
920 2917 1184 3001 imperpetuum,
1199 2937 1331 2980 necnon
1348 2917 1499 2981 eisdem¹

390 3022 513 3097 Will'o,
540 3022 644 3105 Joh'i,
671 3023 708 3086 T.
736 3022 768 3105 J.
796 3022 847 3085 W.
875 3022 926 3085 W.
954 3021 1005 3085 W.
1033 3026 1067 3084 et
1093 3020 1196 3103 Joh’i,
1222 3021 1316 3105 quod
1340 3021 1404 3104 ipsi
1429 3021 1500 3086 duo

193 3131 354 3197 Asstgnacio
388 3127 572 3210 mesuagia,
593 3147 652 3190 sex
672 3147 767 3190 acras
787 3133 885 3200 terre,
907 3132 975 3189 tres
994 3145 1090 3188 acras
1108 3125 1210 3209 prati,
1231 3132 1265 3189 et
1285 3124 1402 3190 decem
1421 3126 1501 3191 soli-

192 3205 320 3251 terrarum
335 3208 357 3250 θ’
390 3229 491 3293 datas
514 3230 679 3305 redditus,
703 3251 782 3293 cum
805 3228 1026 3313 pertinencijs
1049 3229 1084 3292 in
1109 3229 1222 3312 Ripon
1244 3249 1312 3313 que
1335 3229 1377 3293 de
1400 3230 1500 3295 nobis

191 3267 307 3318 redditus
324 3269 362 3317 vi·

191 3336 272 3397 sartis
291 3337 364 3385 chori
391 3334 547 3398 similiter
563 3355 632 3398 non
650 3339 812 3398 tenentur
827 3340 868 3397 vt
886 3333 1011 3397 dicitur
1028 3332 1109 3397 dare
1126 3333 1258 3416 possint
1275 3339 1309 3397 et
1328 3334 1500 3419 assignare

216 3404 341 3519 '022'ssssss
394 3437 532 3521 vicarijs
559 3438 696 3501 ecclesie
723 3437 874 3522 predicte
901 3437 1049 3502 habend.
1078 3443 1112 3500 et
1139 3437 1344 3522 percipiend.
1373 3439 1437 3502 sibi
1464 3445 1500 3503 et

195 3537 365 3596 fundacione.
394 3542 643 3606 successoribus
668 3541 738 3605 suis
763 3541 798 3605 in
824 3540 990 3605 auxilium
1016 3541 1279 3605 sustentacionis
1304 3561 1363 3606 sue
1389 3563 1429 3606 ac
1455 3543 1501 3608 ad

394 3646 544 3730 quedam
581 3665 684 3709 onera
721 3651 756 3708 et
794 3645 934 3729 pietatis
970 3665 1074 3728 opera
1111 3645 1209 3709 iuxta
1246 3645 1500 3711 ordinacionem

394 3749 579 3814 eorundem
592 3750 644 3814 W.
660 3749 692 3832 J.
708 3749 745 3813 T.
761 3749 793 3832 J.
809 3749 861 3814 W.
876 3749 928 3813 W.
944 3749 996 3813 W.
1011 3756 1046 3813 et
1060 3749 1091 3832 J.
1106 3749 1141 3813 in
1154 3750 1219 3813 hac
1231 3755 1330 3834 parte
1343 3750 1500 3816 iacienda

393 3853 627 3937 supportenda
658 3855 922 3938 imperpetuum,
956 3874 995 3917 ac
1025 3853 1160 3938 prelato
1192 3853 1375 3938 Capeliano
1405 3855 1500 3939 quod

393 3959 464 4043 ipse
495 3964 627 4042 septem
659 3958 833 4043 mesuagia
864 3963 1015 4042 quatuor
1046 3958 1193 4022 bouatas
1224 3965 1258 4022 et
1291 3959 1431 4044 triginta
1464 3967 1499 4025 et

392 4082 517 4127 nouem
544 4082 639 4126 acras
666 4069 764 4138 terre,
792 4082 898 4126 vnam
925 4082 1039 4125 acram
1066 4061 1167 4146 prati,
1196 4068 1229 4126 et
1256 4063 1398 4127 boscum
1425 4084 1499 4148 pre-

393 4167 536 4242 dictum,
557 4187 689 4230 necnon
709 4166 851 4250 prelatis
871 4165 1008 4249 vicarijs
1027 4166 1121 4249 quod
1141 4165 1205 4249 ipsi
1225 4166 1294 4231 duo
1314 4169 1499 4253 mesuagia,

393 4291 452 4334 sex
472 4291 567 4334 acras
587 4277 674 4335 terre
693 4276 727 4334 et
747 4276 816 4334 tres
835 4290 931 4335 acras
950 4270 1041 4352 prati
1060 4275 1095 4333 et
1114 4269 1287 4335 redditum
1306 4272 1501 4354 predictum

394 4374 574 4459 aprefatis
591 4375 643 4441 W.
664 4374 696 4457 J.
716 4375 753 4439 T.
774 4375 807 4457 J.
826 4373 879 4438 W.
899 4375 951 4439 W.
971 4373 1023 4438 W.
1043 4381 1078 4438 et
1096 4373 1129 4456 J.
1149 4375 1296 4459 recipere
1314 4376 1447 4460 possint
1464 4384 1499 4442 et

394 4485 508 4543 tenere
534 4479 598 4542 sibi
624 4484 658 4542 et
685 4478 935 4544 successoribus
961 4478 1030 4542 suis
1056 4477 1219 4563 predictis
1246 4479 1500 4565 imperpetuum

393 4583 481 4647 sicut
500 4582 693 4667 predictum
711 4590 763 4647 est
782 4589 900 4647 tenore
918 4582 1132 4667 presencium
1151 4583 1307 4648 similiter
1323 4584 1501 4651 licenciam

465 4737 473 4759 ¹
492 4731 549 4779 The
562 4732 618 4780 MS.
633 4732 683 4782 has
699 4737 713 4753 ¹¹
723 4731 874 4781 eiusdem.''
