3392 5650
312 708 356 788 64
588 705 672 769 Tun
698 706 854 770 luorum
881 705 1142 769 Manuscurrr.

315 883 424 957 Mom,
453 882 578 966 Joh'ne
602 883 710 958 fabro,
737 882 867 947 Rob’to
891 883 1108 958 Brokenban,
1135 881 1264 945 Rob'to
1288 881 1420 964 SoreyS,

317 987 390 1051 Ric’
427 988 540 1063 Huck,
576 987 690 1052 Will’o
725 988 858 1071 Soreys,
896 986 981 1072 Rog.
1019 987 1176 1070 Saynter,
1212 986 1346 1050 Thoma
1380 985 1422 1048 de

315 1093 506 1169 Lowthian,
520 1093 656 1157 Simone
667 1094 846 1169 seruiente,
859 1091 973 1156 Will'o
983 1090 1109 1166 Andre,
1123 1090 1196 1154 Ric.
1210 1088 1421 1173 Carpentar’,

316 1195 401 1281 Rog.
422 1196 531 1272 fabro,
551 1197 663 1262 Adam
683 1198 786 1281 Pogg,
806 1197 939 1260 Thoma
958 1214 1049 1270 coc0‚
1069 1199 1104 1257 et
1124 1193 1197 1258 aliis
1215 1192 1343 1257 multis.

713 1376 778 1460 (89)
806 1376 862 1439 Du
886 1391 1024 1439 nouuu.

403 1519 504 1583 Omn.
524 1518 556 1584 S.
572 1518 616 1584 M.
631 1540 658 1583 e.
678 1518 755 1583 filiis
772 1517 900 1583 humile
917 1515 1115 1600 Capitulum
1133 1515 1199 1579 S'ci
1217 1514 1364 1579 Wilfridi
1381 1514 1423 1578 de

317 1623 441 1708 Ripon’
467 1645 515 1689 sa.
534 1630 687 1689 eternam
707 1624 742 1687 in
762 1624 863 1688 D'n0.
904 1622 956 1686 Sc.
974 1642 1036 1686 nos
1061 1621 1105 1686 ad
1130 1620 1423 1704 presentacioncm

316 1728 431 1792 dilecti
444 1729 560 1793 fratris
573 1734 608 1792 et
621 1728 702 1793 Can.
721 1729 773 1812 (29
786 1729 832 1811 v.)
849 1727 957 1791 nostri
971 1725 1077 1791 Galfr.
1093 1725 1135 1789 de
1149 1725 1251 1790 Lard'
1266 1725 1423 1790 ordinare

316 1833 433 1897 secisse
452 1834 634 1918 Hugonem
653 1833 695 1897 de
714 1832 868 1915 Makisey
886 1831 1069 1896 diaconum
1088 1851 1188 1895 suum
1207 1830 1252 1895 ad
1270 1830 1424 1894 ordinem

316 1937 563 2021 presbiteratus
584 1943 619 2001 et
640 1937 684 2002 ad
705 1943 908 2021 perpetuam
930 1935 1127 2001 Cantariam
1148 1935 1183 1999 in
1204 1935 1283 2000 eccl.
1306 1941 1425 2000 nostra

316 2042 358 2106 de
379 2041 503 2126 Ripon'
525 2042 569 2107 ad
589 2042 696 2107 altare
716 2042 782 2106 S'ci
801 2040 948 2115 Andree,
968 2061 1047 2105 cum
1066 2060 1101 2104 se
1120 2041 1206 2104 bene
1226 2046 1260 2104 et
1279 2040 1425 2104 fideliter

316 2166 395 2231 erga
418 2167 481 2211 nos
504 2146 662 2231 gesserit,'
680 2148 745 2210 hoc
768 2146 872 2210 modo
896 2145 990 2229 quod
1014 2165 1075 2228 per
1097 2165 1132 2208 se
1156 2145 1209 2208 vel
1235 2165 1296 2229 per
1319 2145 1424 2210 alium

316 2257 569 2335 competentem
590 2251 812 2335 Capellanum
833 2249 1020 2314 celebrabit
1040 2249 1165 2313 cotidie
1186 2249 1325 2314 missam
1345 2269 1424 2313 cum

316 2355 459 2439 placebo
476 2361 511 2419 et
526 2355 631 2440 dirige
648 2361 683 2419 et
699 2354 1000 2419 commendacione
1017 2354 1129 2419 anime
1146 2354 1191 2419 ad
1207 2354 1301 2438 pred.
1317 2354 1424 2419 altare

134 2473 267 2536 Geoffrey
316 2479 379 2542 pro
401 2460 582 2524 animabus
604 2458 709 2524 Galfr.
733 2458 891 2542 Archiep.
916 2464 950 2522 et
972 2458 1086 2534 Will'i,
1110 2458 1243 2544 Nigelli,
1268 2459 1366 2543 Rog’,
1389 2463 1425 2521 et

110 2540 301 2604 plantagenet.
317 2563 396 2628 d'ne
411 2564 553 2628 Matilde
568 2564 610 2627 de
626 2564 794 2647 Moubray
809 2569 844 2627 et
860 2569 1114 2628 antecessorum
1129 2569 1164 2627 et
1179 2584 1268 2629 succ.
1285 2584 1425 2629 suorum

317 2674 351 2732 et
369 2689 460 2733 omn.
479 2668 630 2733 fidelium
649 2668 800 2734 defunct.
820 2669 856 2732 in
873 2688 980 2752 perp,
998 2673 1034 2731 et
1051 2669 1145 2751 pred.
1165 2668 1269 2753 Hugo
1285 2668 1426 2753 recipiet

316 2773 489 2858 stipendia
506 2794 578 2850 sua,
598 2774 667 2839 scil.
688 2779 756 2838 tres
774 2794 907 2839 marcas
925 2773 1106 2839 annuatim
1124 2773 1166 2838 de
1184 2773 1297 2839 Will'o
1315 2773 1425 2860 Gaugi

317 2884 352 2942 et
372 2878 485 2944 hered.
508 2879 562 2942 vel
583 2879 705 2963 assign.
728 2899 754 2942 s.
777 2877 819 2943 de
840 2879 938 2943 terris
959 2884 994 2942 et
1014 2877 1206 2944 redditibus
1226 2900 1313 2964 quos
1335 2880 1425 2944 idem

317 2981 422 3048 Galfr.
444 2982 489 3048 ad
507 2984 572 3047 hoc
590 2983 687 3047 dedit
705 2988 740 3046 et
759 2983 948 3068 assignauit
967 2983 1060 3067 pred.
1081 2983 1195 3048 Will’o
1214 2983 1325 3070 Gaugi
1344 2990 1379 3048 et
1398 3005 1423 3048 s,

318 3086 440 3172 assign.
466 3086 501 3151 in
525 3087 704 3151 territoriis
727 3087 769 3151 de
793 3086 991 3172 Winkeslay
1015 3094 1050 3152 et
1074 3089 1116 3152 de
1140 3088 1277 3173 Ripon'.
1325 3090 1425 3153 Teste

318 3191 487 3275 Capitulo,
527 3191 640 3267 Adam
674 3191 791 3266 Ward,
824 3191 975 3256 Will'mo
1015 3193 1154 3269 Deserd,
1194 3193 1345 3258 Will'mo
1384 3192 1425 3256 <le

318 3295 492 3379 Stodelay,
512 3301 547 3359 et
565 3296 683 3361 multis
702 3296 785 3361 aliis.

553 3476 618 3559 (90)
645 3475 765 3540 Caura
789 3474 828 3540 G.
856 3492 904 3539 nu
928 3475 1042 3539 Laun'
1069 3493 1116 3540 nu
1141 3493 1277 3542 ronan.

406 3618 457 3682 Sc.
476 3638 526 3701 pr.
545 3623 580 3681 et
597 3618 661 3682 lut.
680 3618 773 3702 quod
791 3638 853 3703 ego
869 3617 958 3683 Gali.
978 3619 1020 3682 de
1037 3618 1139 3684 Lard’
1158 3618 1247 3696 dedi,
1265 3639 1372 3693 conc,
1391 3624 1425 3682 et

317 3723 350 3786 h.
370 3743 403 3806 p.
423 3743 451 3787 c.
471 3722 560 3786 conf.
579 3721 693 3786 Will'o
711 3721 755 3786 fil.
776 3722 943 3787 Cristiane
961 3723 1003 3786 de
1022 3721 1147 3806 Ripon'
1167 3729 1279 3788 totam
1298 3730 1424 3787 terram

317 3848 419 3911 super
436 3827 568 3910 Speltre
584 3847 689 3910 quam
707 3828 803 3891 tenui
820 3828 863 3891 de
880 3826 1005 3910 Joh'ne
1023 3826 1065 3890 de
1082 3826 1227 3902 Lanum,
1246 3834 1281 3891 et
1298 3826 1425 3891 ibidem

317 3930 495 3995 dimidiam
525 3950 640 3995 acram
670 3951 776 4015 quam
806 3931 924 3996 Nich’s
954 3931 996 3994 de
1026 3931 1159 4008 Hewik,
1191 3933 1297 4007 miles,
1329 3932 1425 3996 dedit

316 4035 444 4101 fabrice
474 4035 553 4100 eccl.
586 4034 711 4119 Ripon,
743 4042 812 4101 ten.
844 4041 879 4101 et
909 4036 988 4100 hab.
1020 4036 1114 4120 pred.
1145 4036 1260 4101 Will’o
1289 4048 1324 4101 et
1354 4038 1426 4103 eius

316 4140 439 4226 assign.
463 4140 533 4204 scil.
558 4139 750 4224 Capellanis
772 4141 1044 4209 deseruientibus
1066 4145 1177 4210 Altari
1201 4146 1267 4210 S’ci
1289 4145 1425 4210 Andree

315 4266 378 4330 pro
405 4244 563 4309 fidelibus
591 4244 773 4320 defunctis,
803 4246 863 4309 vni
891 4254 970 4332 post
999 4249 1145 4314 alterum
1174 4250 1363 4315 successiue
1391 4251 1425 4314 in

315 4371 409 4434 perp.
458 4349 648 4414 Reddendo
668 4349 747 4413 inde
777 4353 959 4417 annuatim
978 4353 1072 4436 pred.
1099 4353 1132 4437 J.
1159 4354 1201 4418 de
1230 4355 1267 4420 L.
1289 4360 1324 4419 et
1354 4356 1423 4419 her.

315 4455 370 4519 vel
393 4454 515 4540 assign.
540 4475 565 4518 s.
583 4453 656 4538 vjd.
674 4474 736 4538 pro
760 4455 854 4520 omni
877 4456 1021 4521 seruicio
1041 4456 1085 4521 ad
1102 4457 1215 4542 ipsum
1231 4459 1426 4543 pertinente

315 4560 385 4625 scil.
409 4565 478 4623 tres
500 4559 577 4624 den.
595 4559 640 4624 ad
662 4559 685 4624 f.
711 4559 743 4624 S.
767 4560 812 4625 Μ.
837 4567 872 4625 et
894 4560 966 4644 iijd.
991 4560 1035 4626 ad
1059 4561 1169 4639 Pena,
1193 4569 1228 4627 et
1251 4563 1426 4627 reddendo

315 4664 443 4730 fabrice
470 4664 548 4728 eccl.
577 4664 619 4728 de
645 4665 844 4748 supradicta
871 4664 1013 4730 dimidia
1040 4687 1119 4732 acra
1144 4667 1218 4751 ijd„
1245 4689 1355 4733 vnum
1382 4668 1427 4733 ad

316 4770 339 4836 f.
358 4769 390 4835 S.
409 4770 454 4835 M.
472 4775 508 4833 et
523 4790 632 4834 vnum
649 4770 694 4836 ad
714 4769 812 4835 Pent.
831 4790 894 4856 pro
914 4770 1008 4835 omni
1027 4771 1169 4836 seruicio
1189 4778 1224 4837 et
1244 4772 1426 4839 demanda.
