3392 5650
372 712 436 759 220
658 696 738 759 THE
763 695 920 760 lNGlLBY
944 696 1191 761 MANUSCRIPT.

370 893 503 937 menses
512 874 704 950 continuos,
717 874 761 939 ad
776 874 838 939 Dei
852 874 990 939 laudern
1003 881 1038 940 et
1050 876 1214 940 honorem
1227 874 1319 939 dicte
1331 874 1479 948 ecclesie,

370 977 588 1042 laudabiliter
620 985 654 1042 et
688 979 872 1043 honorifice
904 980 1094 1044 secundum
1126 978 1411 1044 consuetudinem
1445 984 1479 1043 et

369 1086 505 1146 statuta
533 1082 638 1167 ipsius
666 1082 803 1147 ecclesie
830 1084 1097 1160 continuauerit,
1127 1094 1259 1149 necnon
1288 1083 1343 1147 die
1371 1084 1478 1158 Lune,

369 1186 528 1250 videlicet
556 1186 737 1252 vndecimo
765 1188 819 1252 die
847 1188 1010 1253 instantis
1037 1189 1163 1253 mensis
1191 1186 1366 1271 Februarii
1399 1187 1478 1251 resi-

370 1290 526 1355 denciam
554 1312 653 1355 suam
681 1291 876 1357 huiusmodi
906 1292 1055 1377 plenarie
1083 1291 1307 1377 compleuerit
1335 1297 1371 1356 et
1399 1313 1479 1356 con-

370 1396 605 1471 summauerit,
620 1396 711 1460 vnde
723 1418 785 1461 nos
798 1396 997 1481 Capitulum
1009 1398 1213 1482 predictum,
1226 1396 1479 1462 informacioni-

371 1500 445 1574 bus,
460 1500 785 1576 examinacionibuS,
800 1508 834 1565 et
852 1502 972 1566 ceteris
984 1501 1254 1567 circumstanciis
1269 1522 1372 1586 super
1387 1500 1482 1566 dicta

372 1604 574 1669 Residencia
592 1626 652 1689 per
669 1626 731 1669 nos
749 1606 870 1690 captiS,
891 1606 1058 1682 admissis,
1078 1613 1114 1670 et
1132 1607 1167 1671 in
1186 1606 1297 1671 forma
1315 1612 1480 1671 consueta

371 1708 540 1785 discussis,
573 1710 711 1794 aliquali
743 1710 990 1775 deliberacione
1021 1700 1056 1775 in
1087 1732 1127 1775 ea
1157 1716 1256 1795 parte
1287 1709 1478 1795 prehabita,

371 1815 515 1878 eandem
547 1815 786 1880 Residenciam
817 1816 901 1880 dicti
932 1816 1115 1880 confratris
1146 1816 1254 1880 nostri
1285 1815 1374 1880 sicut
1406 1835 1479 1899 pre-

370 1918 523 1982 mittitur
546 1919 720 2002 inceptam
743 1925 778 1983 et
802 1920 1042 1984 continuatam
1067 1942 1107 1984 ac
1131 1921 1195 1984 rite
1219 1920 1323 1984 fuisse
1347 1925 1382 1983 et
1406 1939 1479 1983 esse

369 2022 577 2106 completam
627 2028 661 2087 et
711 2030 987 2088 consummatam
1036 2024 1136 2089 iuxta
1185 2024 1291 2108 ipsius
1341 2023 1479 2087 ecclesie

370 2126 634 2191 consuetudines
683 2133 718 2190 et
766 2133 913 2203 statuta,
964 2129 1206 2212 approbamus,
1257 2126 1478 2202 ratificamus,

371 2231 646 2314 pronunciamus,
670 2232 893 2307 decemimus
917 2239 952 2296 et
974 2233 1209 2307 declaramus;
1248 2232 1479 2296 Decernentes

369 2337 504 2420 prefato
523 2336 688 2400 confratri
708 2343 825 2401 nostro
846 2337 888 2400 de
908 2343 1021 2401 cetero
1042 2336 1238 2402 faciendum
1259 2336 1331 2401 fore
1351 2341 1388 2400 et
1406 2335 1479 2399 fieri

368 2439 491 2503 debere
507 2445 610 2523 prout
626 2447 661 2504 et
677 2441 766 2505 sicut
782 2442 946 2506 canonico
963 2448 998 2505 et
1016 2441 1270 2506 Residenciario
1287 2440 1322 2505 in
1338 2439 1479 2504 ecclesia

274 2595 277 2599 .
368 2544 523 2629 predicta
557 2545 628 2608 fieri
662 2545 803 2610 solitum
837 2552 890 2609 est
924 2552 958 2609 et
993 2551 1207 2610 consuetum.
1256 2544 1297 2609 In
1331 2564 1479 2628 quorum

369 2649 611 2733 premissorum
630 2650 866 2714 testimonium
885 2655 990 2735 atque
1009 2651 1112 2715 fidem
1130 2651 1192 2714 has
1210 2656 1346 2714 nostras
1363 2648 1479 2714 literas

370 2754 505 2839 prefato
530 2754 659 2840 Mag'ro
683 2755 777 2838 Joh'i
802 2754 947 2819 Sendale
971 2755 1136 2819 confratri
1161 2760 1279 2819 nostro
1304 2752 1479 2818 antedicto

370 2858 440 2922 lieri
462 2859 603 2923 fecimus
624 2859 881 2935 testimoniales,
904 2859 1013 2945 sigillo
1033 2865 1152 2924 nostro
1172 2859 1348 2944 sigillatas
1397 2859 1477 2922 Dat.

370 2962 404 3026 in
420 2963 524 3027 domo
538 2962 727 3047 Capitulari
742 2964 821 3028 eccl.
839 2963 922 3029 Coll.
939 2964 1102 3048 predicte,
1119 2963 1213 3029 dicto
1229 2962 1410 3028 vndecimo
1425 2961 1480 3027 die

369 3068 494 3131 mensis
512 3067 701 3151 Februarij,
720 3069 821 3132 Anno
838 3068 920 3132 D’ni
938 3068 1116 3133 Millesimo
1134 3066 1480 3152 Quadringentesimo

370 3171 660 3257 Quinquagesimo
679 3161 781 3237 nono¹

372 3367 459 3448 (309)
492 3365 722 3429 Aucrorurns
754 3383 990 3430 eversionum
1021 3382 1215 3430 nummum
1246 3383 1285 3430 ru
1316 3365 1479 3430 CAPELLA

415 3486 627 3534 roumsacn.

459 3623 657 3707 Capitulum
694 3624 830 3688 ecclesie
868 3624 1052 3710 Collegiate
1089 3625 1183 3689 beati
1222 3624 1315 3688 Petri
1354 3623 1479 3707 Ripon’

371 3728 496 3792 dilecto
524 3728 623 3793 nobis
651 3729 685 3792 in
714 3750 783 3813 xpo
811 3729 975 3794 confratri
1003 3729 1133 3793 Thome
1162 3730 1251 3812 Day,
1281 3727 1478 3811 Monasterij

372 3833 496 3897 Sancte
521 3832 625 3896 Marie
649 3833 692 3897 de
715 3833 895 3908 Fontibus,
920 3834 1100 3908 monoch0,
1129 3832 1200 3915 (sic)
1225 3832 1382 3897 salutem.
1434 3831 1482 3896 Vt

371 3936 539 4021 Agnetem
552 3956 696 4000 vxorem
709 3936 812 4000 Will'i
826 3937 960 4002 Burton
973 3937 1015 4001 de
1029 3937 1245 4022 Ingerthorp,
1260 3931 1481 4021 gentielman,

371 4040 617 4126 parochianam
646 4041 818 4125 prebende
847 4041 890 4105 de
918 4042 1034 4126 Thorp
1063 4042 1097 4105 in
1127 4041 1267 4105 ecclesia
1295 4039 1483 4125 Collegiata
1585 4115 1590 4120 q

371 4150 490 4208 nostra
523 4145 679 4229 predicta
712 4151 790 4229 post
823 4152 964 4230 partum
997 4146 1100 4230 prolis
1134 4145 1310 4210 ecclesiam
1343 4142 1483 4229 aggredi

371 4249 556 4324 volentem,
576 4249 610 4313 in
630 4249 769 4334 Capella
791 4250 857 4314 S’ci
882 4250 1054 4314 Michaelis
1078 4249 1282 4334 Archangeli
1305 4249 1340 4313 in
1364 4253 1483 4312 monte

372 4353 512 4428 situata,
544 4354 691 4438 recipere
716 4353 895 4439 eidemque
918 4360 1134 4418 sacramenta
1158 4360 1192 4418 et
1220 4352 1483 4418 sacramentalia

371 4458 565 4522 ministrare
589 4459 716 4534 valeaS,
740 4459 804 4522 hac
826 4459 900 4523 vice
923 4464 1061 4523 tanturn
1083 4459 1175 4522 vices
1197 4465 1342 4533 nostraS,
1366 4462 1484 4522 aucto-

372 4563 511 4627 ritatem
525 4563 702 4626 licenciam
717 4569 751 4626 et
766 4563 955 4646 plenariam
969 4569 1180 4647 potestatem
1194 4569 1349 4627 nostram
1364 4567 1483 4626 tenore

371 4667 583 4751 presencium
600 4667 664 4731 tibi
681 4667 900 4732 concedimus
915 4667 1106 4751 specialem,
1122 4667 1215 4750 Jure,
1235 4666 1482 4742 iurisdiccione,

371 4772 541 4848 libertate,
558 4771 745 4857 priuilegio,
763 4777 797 4836 et
813 4771 1120 4836 consuetudinibus
1136 4771 1262 4836 nostris
1277 4778 1312 4836 et
1329 4771 1484 4836 matricis
