3392 5650
633 712 727 777 Acis
751 730 796 777 or
819 712 999 778 enarrer.
1308 728 1370 793 205

264 892 485 977 pertinenciis
504 892 680 956 vniuersis
729 892 770 955 In
788 891 885 956 cuius
904 891 950 955 rei
970 891 1206 955 testimonium
1224 891 1372 976 sigillum

264 1003 421 1061 nostrum
437 997 652 1080 presentibus
669 1002 720 1059 est
736 1016 937 1080 appensum.
985 996 1066 1059 Dat.
1085 996 1119 1058 in
1136 994 1239 1059 domo
1254 1001 1372 1059 nostra

264 1101 463 1185 capitulari,
483 1100 588 1165 tercio
606 1100 660 1163 die
678 1100 803 1164 mensis
821 1099 977 1182 Januarij
999 1100 1099 1163 Anno
1119 1099 1199 1163 D’ni
1218 1098 1372 1163 Mill'imo

262 1215 377 1270 ccccm⁰
396 1204 567 1269 tricesimo
585 1203 755 1279 secundo.¹

265 1397 352 1480 (292)
376 1397 555 1460 Auurssro
576 1394 697 1459 Nrcu'r
719 1396 868 1470 Huius,
890 1396 1120 1470 Pausaniam,
1142 1412 1191 1459 Au
1213 1412 1371 1458 puraru-

307 1517 384 1564 ΒΑΜ
410 1518 458 1564 ur
482 1500 673 1564 Scuauow.

349 1654 523 1719 Vniuersis
547 1654 579 1718 S.
605 1655 649 1717 M.
668 1654 707 1717 E.
726 1652 805 1737 filijs
827 1659 1001 1737 presentes
1023 1653 1139 1717 literas
1156 1654 1369 1738 inspecturis,
1449 1680 1523 1728 1433,

262 1758 460 1842 Capitulum
487 1757 565 1822 eccl.
595 1757 675 1822 Coll.
705 1758 771 1822 S’ci
797 1758 957 1838 Wyliridi
985 1758 1134 1842 Rypon',
1162 1757 1309 1822 salutem
1336 1759 1370 1823 in
1415 1734 1548 1797 5⁰p1'25'

262 1863 353 1927 D'no
398 1862 653 1946 sempitemam‚
701 1868 736 1925 et
781 1862 885 1925 fidem
931 1862 1109 1927 indubiam
1155 1863 1370 1946 presentibus

262 1968 433 2031 adhibere.
481 1967 613 2030 Literas
637 1966 828 2031 Reuerendi
850 1966 915 2030 viri
937 1966 1057 2051 Mag'ri
1080 1966 1218 2031 Ricardi
1240 1966 1368 2042 Arnall,

262 2072 341 2135 eccl.
380 2070 478 2135 Cath.
516 2071 620 2135 Ebor.
658 2070 855 2145 subdecani,
905 2070 1192 2149 Reuerendissimi
1230 2071 1264 2134 in
1301 2092 1372 2155 xpo

262 2174 370 2258 patris
381 2180 416 2237 et
427 2174 509 2249 d’ni,
522 2174 593 2237 d’ni
605 2174 784 2257 JohanniS,
797 2174 861 2237 Dei
872 2175 986 2258 gracia
997 2175 1100 2239 Ebor.
1114 2174 1367 2259 archiepiscopi,
1384 2181 1455 2244 Abp.
1468 2181 1576 2245 Kempe

262 2278 382 2363 Anglie
413 2278 585 2353 Primatis,
617 2284 652 2341 et
682 2278 879 2362 Apostolice
909 2277 1008 2353 sediS,
1040 2278 1154 2362 legati,
1186 2279 1303 2342 vicarii
1335 2280 1369 2343 in

262 2382 497 2466 spiritualibus
519 2382 684 2466 generalis
708 2382 806 2446 nobis
829 2402 939 2466 nuper
961 2382 1108 2446 directas
1131 2382 1311 2466 recipimus
1334 2383 1369 2447 in

262 2487 324 2551 hec
342 2488 458 2551 verba.
846 2493 848 2497 '

351 2653 468 2718 Ric’us
494 2654 622 2729 Amall,
649 2654 729 2718 eccl.
754 2652 853 2717 Cath.
878 2653 981 2717 Ebor.
1004 2652 1235 2724 Subdecanus.
1261 2653 1369 2717 Reumi
1448 2685 1523 2734 1433,

261 2758 297 2821 in
313 2778 382 2843 xpo
398 2758 506 2843 patris
522 2763 556 2822 et
573 2758 655 2834 d'ni,
672 2757 743 2821 d’ni
760 2757 929 2841 Johannis
948 2756 1027 2840 (eta,
1045 2776 1082 2820 as
1098 2757 1204 2840 above)
1223 2757 1370 2822 vicarius
1427 2740 1502 2802 sept·
1518 2753 1543 2800 9¹

261 2864 296 2927 in
320 2863 557 2947 spiritualibus
580 2862 756 2948 generalis,
781 2862 914 2926 dilectis
937 2861 1036 2925 nobis
1060 2861 1094 2924 in
1119 2882 1188 2945 xpo
1212 2861 1371 2946 Capitulo

262 2966 340 3032 eccl.
376 2965 458 3031 Coll.
493 2967 587 3030 beati
620 2966 778 3050 Wyllridi
813 2965 950 3049 Ripon’,
984 2965 1131 3029 salutem
1164 2966 1198 3029 in
1232 2972 1371 3030 auctore

262 3071 392 3136 salutis.
441 3071 530 3155 Quia
563 3071 767 3135 venerabilis
801 3070 835 3133 in
869 3090 938 3153 xpo
972 3076 1071 3153 pater
1104 3075 1138 3133 et
1173 3068 1259 3146 d'ns,
1295 3070 1371 3134 d'ns

262 3175 423 3251 Thomas,
452 3176 515 3239 Dei
541 3196 611 3260 gra.
640 3175 801 3239 Dunolm.
831 3174 938 3257 Ep'us
965 3174 1090 3238 dilecto
1116 3174 1214 3237 nobis
1241 3174 1275 3238 in
1302 3196 1370 3258 xpo
1385 3189 1436 3251 Bp.
1451 3188 1583 3251 Langley.

262 3279 343 3344 d'no
371 3279 494 3343 Nich'o
511 3279 647 3353 Hulme,
674 3279 873 3362 presbitero
899 3277 1148 3342 Canonicatum
1172 3279 1207 3342 in
1231 3279 1371 3342 ecclesia

261 3372 442 3468 collegiata
466 3383 621 3467 predicta
645 3389 680 3447 et
705 3382 916 3467 prebendam
940 3381 982 3446 de
1008 3382 1167 3446 Scharow
1191 3382 1225 3446 in
1250 3383 1370 3447 eadem

261 3508 322 3570 per
341 3487 608 3571 resignacionem
628 3488 782 3572 Magistri
802 3487 913 3570 Joh'is
934 3486 1063 3569 Soulby
1082 3486 1196 3550 vltimi
1216 3487 1370 3550 canonici

261 3598 296 3655 et
323 3590 539 3675 prebendarij
570 3592 756 3656 eorundem
784 3613 825 3655 ex
854 3612 957 3655 causa
985 3590 1251 3674 permutacionis
1280 3591 1370 3655 iacte

260 3716 339 3760 cum
364 3695 570 3760 canonicatu
595 3702 630 3759 et
649 3696 823 3779 prebenda
842 3695 943 3760 vnius
962 3694 1214 3778 prebendarum
1233 3694 1268 3758 in
1289 3695 1368 3759 eccl.

261 3798 303 3863 de
321 3799 455 3863 Norton
472 3820 512 3863 ac
530 3800 703 3883 Hospitali
721 3801 821 3863 beate
839 3799 945 3864 Marie
960 3799 1002 3862 de
1020 3798 1186 3863 Gretham
1205 3798 1368 3864 Dunolm.

261 3903 348 3968 dioc.
363 3924 430 3987 que
444 3903 598 3987 prefatus
612 3903 688 3968 d’ns
699 3903 841 3968 Nich’us
852 3903 1010 3987 primitus
1021 3902 1172 3986 optinuit
1185 3903 1368 3966 vacantia1

261 4014 296 4072 et
328 4008 373 4072 ad
405 4006 625 4072 collacionem
657 4008 781 4091 prefati
816 4002 1001 4072 Reuerenmi
1030 4007 1138 4090 patris
1169 4005 1269 4090 pleno
1298 4006 1369 4070 iure

261 4112 465 4195 spectantia,
503 4111 577 4175 vice
614 4119 649 4176 et
685 4112 893 4176 auctoritate
930 4111 1082 4176 eiusdem
1120 4106 1224 4174 Reumi
1261 4111 1369 4193 patris

261 4215 419 4291 contulit,
445 4221 480 4279 et
505 4215 618 4299 ipsum
643 4215 821 4280 inuestiuit
846 4215 1009 4280 canonice
1033 4215 1075 4279 de
1100 4214 1238 4290 eisdem,
1264 4215 1369 4279 Vobis

261 4320 467 4385 mandamus
487 4320 651 4404 quatinus
671 4320 844 4404 prefatum
865 4319 960 4384 d'nm
980 4318 1117 4383 Nich’m
1136 4319 1191 4382 vel
1210 4339 1370 4402 procura·

263 4432 372 4488 torem
404 4444 506 4488 suum
538 4424 610 4487 eius
642 4424 779 4488 nomine
813 4424 847 4487 in
879 4423 1090 4508 corporalem
1123 4423 1371 4506 possessionem

261 4529 433 4592 dictorum
467 4527 698 4593 Canonicatus
731 4534 765 4592 et
799 4528 971 4612 prebende
1005 4526 1177 4591 inducatis
1211 4526 1370 4590 inducive

263 4632 408 4708 faciatis
430 4652 509 4696 cum
530 4633 599 4696 suis
620 4633 750 4697 iuribus
771 4638 806 4696 et
827 4632 950 4715 pertin.
973 4631 1150 4706 vniuersis,
1173 4629 1315 4695 stallum
1336 4631 1370 4695 in

352 4809 409 4860 MS.
424 4810 475 4861 has
490 4810 658 4861 “vocant'3'
