<?xml version="1.0" encoding="UTF-8"?>
<!DOCTYPE html PUBLIC "-//W3C//DTD XHTML 1.0 Transitional//EN"
    "http://www.w3.org/TR/xhtml1/DTD/xhtml1-transitional.dtd">
<html xmlns="http://www.w3.org/1999/xhtml" xml:lang="en" lang="en">
 <head>
  <title>
</title>
<meta http-equiv="Content-Type" content="text/html;charset=utf-8" />
  <meta name='ocr-system' content='tesseract 3.04.00' />
  <meta name='ocr-capabilities' content='ocr_page ocr_carea ocr_par ocr_line ocrx_word'/>
</head>
<body>
  <div class='ocr_page' id='page_1' title='image "./memorialschurch01fowlgoog_0263.png"; bbox 0 0 3392 5650; ppageno 0'>
   <div class='ocr_carea' id='block_1_1' title="bbox 662 709 1511 783">
    <p class='ocr_par' dir='ltr' id='par_1_1' title="bbox 662 709 1511 783">
     <span class='ocr_line' id='line_1_1' title="bbox 662 709 1511 783; baseline -0.002 -3"><span class='ocrx_word' id='word_1_1' title='bbox 662 714 756 780; x_wconf 86' lang='lat' dir='ltr'><strong>Acrs</strong></span> <span class='ocrx_word' id='word_1_2' title='bbox 780 732 825 780; x_wconf 77' lang='lat' dir='ltr'><strong>or</strong></span> <span class='ocrx_word' id='word_1_3' title='bbox 848 715 1029 783; x_wconf 65' lang='lat' dir='ltr'><strong>calerna.</strong></span> <span class='ocrx_word' id='word_1_4' title='bbox 1337 731 1399 779; x_wconf 86' lang='lat'><strong>221</strong></span> <span class='ocrx_word' id='word_1_5' title='bbox 1504 709 1511 722; x_wconf 81' lang='grc'><em>“</em></span> 
     </span>
    </p>
   </div>
   <div class='ocr_carea' id='block_1_2' title="bbox 291 894 1404 1292">
    <p class='ocr_par' dir='ltr' id='par_1_2' title="bbox 291 894 1404 1292">
     <span class='ocr_line' id='line_1_2' title="bbox 292 894 1401 979; baseline -0.001 -21"><span class='ocrx_word' id='word_1_6' title='bbox 292 894 431 959; x_wconf 82' lang='lat' dir='ltr'><strong>ecclesie</strong></span> <span class='ocrx_word' id='word_1_7' title='bbox 452 895 577 979; x_wconf 92' lang='lat' dir='ltr'><strong>Ripon’</strong></span> <span class='ocrx_word' id='word_1_8' title='bbox 599 895 750 979; x_wconf 84' lang='lat' dir='ltr'><strong>predicte</strong></span> <span class='ocrx_word' id='word_1_9' title='bbox 771 896 805 960; x_wconf 93' lang='lat' dir='ltr'><strong>in</strong></span> <span class='ocrx_word' id='word_1_10' title='bbox 825 895 986 960; x_wconf 91' lang='lat' dir='ltr'><strong>omnibus</strong></span> <span class='ocrx_word' id='word_1_11' title='bbox 1005 915 1139 978; x_wconf 87' lang='lat' dir='ltr'><strong>semper</strong></span> <span class='ocrx_word' id='word_1_12' title='bbox 1158 894 1271 959; x_wconf 89' lang='lat' dir='ltr'><strong>saluis.</strong></span> <span class='ocrx_word' id='word_1_13' title='bbox 1320 894 1401 958; x_wconf 92' lang='lat' dir='ltr'><strong>Dat.</strong></span> 
     </span>
     <span class='ocr_line' id='line_1_3' title="bbox 291 998 1404 1083; baseline -0.001 -21"><span class='ocrx_word' id='word_1_14' title='bbox 291 1000 329 1063; x_wconf 92' lang='lat' dir='ltr'><strong>in</strong></span> <span class='ocrx_word' id='word_1_15' title='bbox 361 998 464 1063; x_wconf 92' lang='lat' dir='ltr'><strong>domo</strong></span> <span class='ocrx_word' id='word_1_16' title='bbox 495 1005 613 1064; x_wconf 91' lang='lat' dir='ltr'><strong>nostra</strong></span> <span class='ocrx_word' id='word_1_17' title='bbox 645 999 827 1083; x_wconf 84' lang='lat' dir='ltr'><strong>capitulari</strong></span> <span class='ocrx_word' id='word_1_18' title='bbox 860 999 984 1083; x_wconf 89' lang='lat' dir='ltr'><strong>Ripon’</strong></span> <span class='ocrx_word' id='word_1_19' title='bbox 1018 999 1169 1083; x_wconf 81' lang='lat' dir='ltr'><strong>predicte</strong></span> <span class='ocrx_word' id='word_1_20' title='bbox 1201 1000 1265 1062; x_wconf 93' lang='lat' dir='ltr'><strong>sub</strong></span> <span class='ocrx_word' id='word_1_21' title='bbox 1296 998 1404 1082; x_wconf 85' lang='lat' dir='ltr'><strong>sigillo</strong></span> 
     </span>
     <span class='ocr_line' id='line_1_4' title="bbox 293 1101 1404 1187; baseline -0.002 -20"><span class='ocrx_word' id='word_1_22' title='bbox 293 1102 522 1186; x_wconf 84' lang='lat' dir='ltr'><strong>Commissarij</strong></span> <span class='ocrx_word' id='word_1_23' title='bbox 548 1103 631 1167; x_wconf 92' lang='lat' dir='ltr'><strong>dicti</strong></span> <span class='ocrx_word' id='word_1_24' title='bbox 654 1103 803 1187; x_wconf 80' lang='lat' dir='ltr'><strong>Capituli</strong></span> <span class='ocrx_word' id='word_1_25' title='bbox 825 1104 934 1167; x_wconf 89' lang='lat' dir='ltr'><strong>nostri</strong></span> <span class='ocrx_word' id='word_1_26' title='bbox 956 1103 1181 1167; x_wconf 87' lang='lat' dir='ltr'><strong>nonodecimo</strong></span> <span class='ocrx_word' id='word_1_27' title='bbox 1203 1101 1258 1167; x_wconf 91' lang='lat' dir='ltr'><strong>die</strong></span> <span class='ocrx_word' id='word_1_28' title='bbox 1279 1102 1404 1166; x_wconf 90' lang='lat' dir='ltr'><strong>mensis</strong></span> 
     </span>
     <span class='ocr_line' id='line_1_5' title="bbox 291 1207 1239 1292; baseline 0 -21"><span class='ocrx_word' id='word_1_29' title='bbox 291 1207 439 1291; x_wconf 84' lang='lat' dir='ltr'><strong>Augusti</strong></span> <span class='ocrx_word' id='word_1_30' title='bbox 458 1207 558 1272; x_wconf 88' lang='lat' dir='ltr'><strong>Anno</strong></span> <span class='ocrx_word' id='word_1_31' title='bbox 577 1208 657 1271; x_wconf 90' lang='lat' dir='ltr'><strong>D’ni</strong></span> <span class='ocrx_word' id='word_1_32' title='bbox 678 1207 819 1271; x_wconf 87' lang='lat' dir='ltr'><strong>Mill&#39;mo</strong></span> <span class='ocrx_word' id='word_1_33' title='bbox 837 1218 952 1272; x_wconf 68' lang='lat' dir='ltr'><strong>ccccm⁰</strong></span> <span class='ocrx_word' id='word_1_34' title='bbox 971 1207 1239 1292; x_wconf 83' lang='lat' dir='ltr'><strong>Septuagesimo</strong></span> 
     </span>
    </p>
   </div>
   <div class='ocr_carea' id='block_1_3' title="bbox 232 1356 1406 1531">
    <p class='ocr_par' dir='ltr' id='par_1_3' title="bbox 232 1356 1406 1531">
     <span class='ocr_line' id='line_1_6' title="bbox 232 1356 1406 1448; baseline -0.005 -17"><span class='ocrx_word' id='word_1_35' title='bbox 232 1356 234 1358; x_wconf 34' lang='lat'><strong><em>¹</em></strong></span> <span class='ocrx_word' id='word_1_36' title='bbox 292 1369 333 1448; x_wconf 88' lang='lat'><strong>76</strong></span> <span class='ocrx_word' id='word_1_37' title='bbox 346 1389 376 1434; x_wconf 89' lang='lat' dir='ltr'><strong>v.</strong></span> <span class='ocrx_word' id='word_1_38' title='bbox 427 1363 514 1445; x_wconf 84' lang='lat'>(310)</span> <span class='ocrx_word' id='word_1_39' title='bbox 550 1362 750 1426; x_wconf 83' lang='lat' dir='ltr'><strong>Couurssro</strong></span> <span class='ocrx_word' id='word_1_40' title='bbox 783 1378 832 1425; x_wconf 80' lang='lat' dir='ltr'><strong>An</strong></span> <span class='ocrx_word' id='word_1_41' title='bbox 866 1378 1148 1426; x_wconf 78' lang='lat' dir='ltr'><strong>rusrarrnnnun</strong></span> <span class='ocrx_word' id='word_1_42' title='bbox 1191 1361 1235 1427; x_wconf 92' lang='lat' dir='ltr'><strong>M.</strong></span> <span class='ocrx_word' id='word_1_43' title='bbox 1267 1361 1406 1444; x_wconf 81' lang='lat' dir='ltr'><strong>Jou’an</strong></span> 
     </span>
     <span class='ocr_line' id='line_1_7' title="bbox 337 1466 1053 1531; baseline 0 0"><span class='ocrx_word' id='word_1_44' title='bbox 337 1466 510 1531; x_wconf 75' lang='lat' dir='ltr'><strong>Senunru</strong></span> <span class='ocrx_word' id='word_1_45' title='bbox 534 1485 573 1531; x_wconf 83' lang='lat' dir='ltr'><strong>m</strong></span> <span class='ocrx_word' id='word_1_46' title='bbox 597 1483 821 1530; x_wconf 77' lang='lat' dir='ltr'><strong>Parssrnnnn</strong></span> <span class='ocrx_word' id='word_1_47' title='bbox 845 1484 893 1530; x_wconf 78' lang='lat' dir='ltr'><strong>nu</strong></span> <span class='ocrx_word' id='word_1_48' title='bbox 917 1467 1053 1531; x_wconf 75' lang='lat' dir='ltr'><strong>Tuom.</strong></span> 
     </span>
    </p>
   </div>
   <div class='ocr_carea' id='block_1_4' title="bbox 182 1580 1605 3877">
    <p class='ocr_par' dir='ltr' id='par_1_4' title="bbox 292 1580 1598 2203">
     <span class='ocr_line' id='line_1_8' title="bbox 380 1580 1555 1681; baseline 0.002 -21"><span class='ocrx_word' id='word_1_49' title='bbox 380 1596 526 1661; x_wconf 87' lang='lat' dir='ltr'><strong>Will&#39;ms</strong></span> <span class='ocrx_word' id='word_1_50' title='bbox 550 1616 656 1680; x_wconf 89' lang='lat' dir='ltr'><strong>perm.</strong></span> <span class='ocrx_word' id='word_1_51' title='bbox 682 1596 751 1660; x_wconf 92' lang='lat' dir='ltr'><strong>diu.</strong></span> <span class='ocrx_word' id='word_1_52' title='bbox 778 1596 935 1680; x_wconf 88' lang='lat' dir='ltr'><strong>Archiep.</strong></span> <span class='ocrx_word' id='word_1_53' title='bbox 963 1580 1066 1661; x_wconf 88' lang='lat' dir='ltr'><strong>Ebor.</strong></span> <span class='ocrx_word' id='word_1_54' title='bbox 1092 1595 1190 1681; x_wconf 84' lang='lat' dir='ltr'><strong>Angl.</strong></span> <span class='ocrx_word' id='word_1_55' title='bbox 1217 1596 1345 1680; x_wconf 90' lang='lat' dir='ltr'><strong>primas</strong></span> <span class='ocrx_word' id='word_1_56' title='bbox 1369 1602 1402 1660; x_wconf 88' lang='lat' dir='ltr'><strong>et</strong></span> <span class='ocrx_word' id='word_1_57' title='bbox 1482 1616 1555 1676; x_wconf 78' lang='lat'>1458.</span> 
     </span>
     <span class='ocr_line' id='line_1_9' title="bbox 292 1682 1571 1810; baseline -0.001 -45"><span class='ocrx_word' id='word_1_58' title='bbox 292 1701 423 1785; x_wconf 86' lang='lat' dir='ltr'><strong>Ap’lice</strong></span> <span class='ocrx_word' id='word_1_59' title='bbox 444 1702 533 1765; x_wconf 92' lang='lat' dir='ltr'><strong>sedis</strong></span> <span class='ocrx_word' id='word_1_60' title='bbox 555 1701 698 1785; x_wconf 73' lang='lat' dir='ltr'><strong>legatus</strong></span> <span class='ocrx_word' id='word_1_61' title='bbox 722 1701 779 1764; x_wconf 91' lang='lat' dir='ltr'><strong>dil.</strong></span> <span class='ocrx_word' id='word_1_62' title='bbox 804 1700 838 1764; x_wconf 93' lang='lat' dir='ltr'><strong>in</strong></span> <span class='ocrx_word' id='word_1_63' title='bbox 862 1700 942 1784; x_wconf 94' lang='lat' dir='ltr'><strong>Xpo</strong></span> <span class='ocrx_word' id='word_1_64' title='bbox 964 1700 1043 1783; x_wconf 85' lang='lat' dir='ltr'><strong>filijs</strong></span> <span class='ocrx_word' id='word_1_65' title='bbox 1065 1700 1183 1785; x_wconf 87' lang='lat' dir='ltr'><strong>Cap&#39;lo</strong></span> <span class='ocrx_word' id='word_1_66' title='bbox 1205 1701 1295 1766; x_wconf 91' lang='lat' dir='ltr'><strong>Eccl.</strong></span> <span class='ocrx_word' id='word_1_67' title='bbox 1320 1701 1400 1765; x_wconf 84' lang='lat' dir='ltr'><strong>Coll.</strong></span> <span class='ocrx_word' id='word_1_68' title='bbox 1465 1682 1528 1810; x_wconf 46' lang='lat' dir='ltr'><strong>DZ)</strong></span> <span class='ocrx_word' id='word_1_69' title='bbox 1547 1685 1571 1732; x_wconf 73' lang='lat'><strong>⁸·</strong></span> 
     </span>
     <span class='ocr_line' id='line_1_10' title="bbox 293 1777 1598 1889; baseline 0 -20"><span class='ocrx_word' id='word_1_70' title='bbox 293 1812 408 1869; x_wconf 90' lang='lat' dir='ltr'><strong>nostre</strong></span> <span class='ocrx_word' id='word_1_71' title='bbox 428 1805 553 1889; x_wconf 89' lang='lat' dir='ltr'><strong>Ripon’</strong></span> <span class='ocrx_word' id='word_1_72' title='bbox 574 1827 621 1869; x_wconf 89' lang='lat' dir='ltr'><strong>sa.</strong></span> <span class='ocrx_word' id='word_1_73' title='bbox 643 1826 712 1889; x_wconf 86' lang='lat' dir='ltr'><strong>gra.</strong></span> <span class='ocrx_word' id='word_1_74' title='bbox 734 1811 768 1868; x_wconf 99' lang='lat' dir='ltr'><strong>et</strong></span> <span class='ocrx_word' id='word_1_75' title='bbox 788 1806 865 1869; x_wconf 91' lang='lat' dir='ltr'><strong>ben.</strong></span> <span class='ocrx_word' id='word_1_76' title='bbox 913 1805 1001 1889; x_wconf 76' lang='lat' dir='ltr'><strong>Quia</strong></span> <span class='ocrx_word' id='word_1_77' title='bbox 1020 1825 1083 1869; x_wconf 91' lang='lat' dir='ltr'><strong>nos</strong></span> <span class='ocrx_word' id='word_1_78' title='bbox 1101 1805 1158 1870; x_wconf 93' lang='lat' dir='ltr'><strong>dil.</strong></span> <span class='ocrx_word' id='word_1_79' title='bbox 1179 1806 1215 1868; x_wconf 92' lang='lat' dir='ltr'><strong>in</strong></span> <span class='ocrx_word' id='word_1_80' title='bbox 1235 1805 1315 1889; x_wconf 91' lang='lat' dir='ltr'><strong>Xpo</strong></span> <span class='ocrx_word' id='word_1_81' title='bbox 1334 1805 1403 1869; x_wconf 91' lang='lat' dir='ltr'><strong>filio</strong></span> <span class='ocrx_word' id='word_1_82' title='bbox 1441 1829 1480 1876; x_wconf 77' lang='lat' dir='ltr'><strong>w,</strong></span> <span class='ocrx_word' id='word_1_83' title='bbox 1497 1777 1598 1878; x_wconf 61' lang='lat' dir='ltr'><strong>Edita.</strong></span> 
     </span>
     <span class='ocr_line' id='line_1_11' title="bbox 294 1909 1403 1994; baseline -0.001 -20"><span class='ocrx_word' id='word_1_84' title='bbox 294 1910 379 1974; x_wconf 86' lang='lat' dir='ltr'><strong>M‘ro</strong></span> <span class='ocrx_word' id='word_1_85' title='bbox 408 1910 501 1993; x_wconf 88' lang='lat' dir='ltr'><strong>Joh’i</strong></span> <span class='ocrx_word' id='word_1_86' title='bbox 525 1910 680 1984; x_wconf 87' lang='lat' dir='ltr'><strong>Sendale,</strong></span> <span class='ocrx_word' id='word_1_87' title='bbox 707 1909 917 1994; x_wconf 85' lang='lat' dir='ltr'><strong>Registrario</strong></span> <span class='ocrx_word' id='word_1_88' title='bbox 943 1915 1070 1984; x_wconf 91' lang='lat' dir='ltr'><strong>nostr0,</strong></span> <span class='ocrx_word' id='word_1_89' title='bbox 1097 1909 1346 1974; x_wconf 88' lang='lat' dir='ltr'><strong>Canonicatum</strong></span> <span class='ocrx_word' id='word_1_90' title='bbox 1369 1911 1403 1973; x_wconf 93' lang='lat' dir='ltr'><strong>in</strong></span> 
     </span>
     <span class='ocr_line' id='line_1_12' title="bbox 293 2014 1403 2099; baseline 0.001 -21"><span class='ocrx_word' id='word_1_91' title='bbox 293 2015 371 2079; x_wconf 86' lang='lat' dir='ltr'><strong>eccl.</strong></span> <span class='ocrx_word' id='word_1_92' title='bbox 404 2020 522 2079; x_wconf 89' lang='lat' dir='ltr'><strong>nostra</strong></span> <span class='ocrx_word' id='word_1_93' title='bbox 553 2014 676 2099; x_wconf 85' lang='lat' dir='ltr'><strong>Colleg.</strong></span> <span class='ocrx_word' id='word_1_94' title='bbox 712 2014 836 2097; x_wconf 88' lang='lat' dir='ltr'><strong>Ripon’</strong></span> <span class='ocrx_word' id='word_1_95' title='bbox 869 2014 1024 2098; x_wconf 86' lang='lat' dir='ltr'><strong>predicta</strong></span> <span class='ocrx_word' id='word_1_96' title='bbox 1054 2020 1089 2078; x_wconf 90' lang='lat' dir='ltr'><strong>et</strong></span> <span class='ocrx_word' id='word_1_97' title='bbox 1120 2014 1330 2097; x_wconf 90' lang='lat' dir='ltr'><strong>prebendam</strong></span> <span class='ocrx_word' id='word_1_98' title='bbox 1361 2014 1403 2079; x_wconf 91' lang='lat' dir='ltr'><strong>de</strong></span> 
     </span>
     <span class='ocr_line' id='line_1_13' title="bbox 292 2117 1403 2203; baseline 0 -21"><span class='ocrx_word' id='word_1_99' title='bbox 292 2119 427 2203; x_wconf 91' lang='lat' dir='ltr'><strong>Thorpe</strong></span> <span class='ocrx_word' id='word_1_100' title='bbox 454 2119 489 2182; x_wconf 92' lang='lat' dir='ltr'><strong>in</strong></span> <span class='ocrx_word' id='word_1_101' title='bbox 517 2117 637 2183; x_wconf 87' lang='lat' dir='ltr'><strong>eadem</strong></span> <span class='ocrx_word' id='word_1_102' title='bbox 665 2138 725 2202; x_wconf 91' lang='lat' dir='ltr'><strong>per</strong></span> <span class='ocrx_word' id='word_1_103' title='bbox 752 2139 878 2183; x_wconf 91' lang='lat' dir='ltr'><strong>munus</strong></span> <span class='ocrx_word' id='word_1_104' title='bbox 905 2118 1173 2183; x_wconf 82' lang='lat' dir='ltr'><strong>consecracionis</strong></span> <span class='ocrx_word' id='word_1_105' title='bbox 1199 2119 1403 2183; x_wconf 88' lang='lat' dir='ltr'><strong>venerabilis</strong></span> 
     </span>
    </p>

    <p class='ocr_par' dir='ltr' id='par_1_5' title="bbox 182 2222 1605 2829">
     <span class='ocr_line' id='line_1_14' title="bbox 182 2222 1605 2307; baseline 0.001 -20"><span class='ocrx_word' id='word_1_106' title='bbox 182 2226 186 2235; x_wconf 84' lang='lat'>&#39;</span> <span class='ocrx_word' id='word_1_107' title='bbox 293 2223 401 2307; x_wconf 88' lang='lat' dir='ltr'><strong>patris</strong></span> <span class='ocrx_word' id='word_1_108' title='bbox 426 2224 497 2288; x_wconf 86' lang='lat' dir='ltr'><strong>d&#39;ni</strong></span> <span class='ocrx_word' id='word_1_109' title='bbox 524 2222 657 2307; x_wconf 81' lang='lat' dir='ltr'><strong>Georgi]¹</strong></span> <span class='ocrx_word' id='word_1_110' title='bbox 688 2223 751 2286; x_wconf 89' lang='lat' dir='ltr'><strong>Dei</strong></span> <span class='ocrx_word' id='word_1_111' title='bbox 776 2243 846 2307; x_wconf 84' lang='lat' dir='ltr'><strong>gra.</strong></span> <span class='ocrx_word' id='word_1_112' title='bbox 875 2223 1079 2287; x_wconf 88' lang='lat' dir='ltr'><strong>Exoniensis</strong></span> <span class='ocrx_word' id='word_1_113' title='bbox 1104 2223 1264 2307; x_wconf 90' lang='lat' dir='ltr'><strong>episcopi,</strong></span> <span class='ocrx_word' id='word_1_114' title='bbox 1290 2224 1403 2287; x_wconf 92' lang='lat' dir='ltr'><strong>vltimi</strong></span> <span class='ocrx_word' id='word_1_115' title='bbox 1435 2225 1486 2287; x_wconf 79' lang='lat' dir='ltr'><strong>Bp·</strong></span> <span class='ocrx_word' id='word_1_116' title='bbox 1499 2226 1605 2302; x_wconf 67' lang='lat' dir='ltr'><strong>George</strong></span> 
     </span>
     <span class='ocr_line' id='line_1_15' title="bbox 293 2291 1570 2411; baseline 0 -19"><span class='ocrx_word' id='word_1_117' title='bbox 293 2328 448 2392; x_wconf 92' lang='lat' dir='ltr'><strong>canonici</strong></span> <span class='ocrx_word' id='word_1_118' title='bbox 464 2334 498 2391; x_wconf 90' lang='lat' dir='ltr'><strong>et</strong></span> <span class='ocrx_word' id='word_1_119' title='bbox 516 2327 732 2411; x_wconf 87' lang='lat' dir='ltr'><strong>prebendarij</strong></span> <span class='ocrx_word' id='word_1_120' title='bbox 752 2327 940 2391; x_wconf 91' lang='lat' dir='ltr'><strong>eorundem</strong></span> <span class='ocrx_word' id='word_1_121' title='bbox 956 2334 1121 2391; x_wconf 90' lang='lat' dir='ltr'><strong>vacantes</strong></span> <span class='ocrx_word' id='word_1_122' title='bbox 1137 2333 1171 2392; x_wconf 88' lang='lat' dir='ltr'><strong>et</strong></span> <span class='ocrx_word' id='word_1_123' title='bbox 1189 2328 1233 2392; x_wconf 92' lang='lat' dir='ltr'><strong>ad</strong></span> <span class='ocrx_word' id='word_1_124' title='bbox 1249 2334 1404 2392; x_wconf 91' lang='lat' dir='ltr'><strong>nostram</strong></span> <span class='ocrx_word' id='word_1_125' title='bbox 1465 2291 1570 2341; x_wconf 78' lang='lat' dir='ltr'><strong>Nevne.</strong></span> 
     </span>
     <span class='ocr_line' id='line_1_16' title="bbox 293 2431 1404 2516; baseline 0.001 -21"><span class='ocrx_word' id='word_1_126' title='bbox 293 2432 514 2496; x_wconf 90' lang='lat' dir='ltr'><strong>collacionem</strong></span> <span class='ocrx_word' id='word_1_127' title='bbox 551 2432 652 2515; x_wconf 93' lang='lat' dir='ltr'><strong>pleno</strong></span> <span class='ocrx_word' id='word_1_128' title='bbox 689 2432 760 2496; x_wconf 88' lang='lat' dir='ltr'><strong>iure</strong></span> <span class='ocrx_word' id='word_1_129' title='bbox 797 2438 994 2516; x_wconf 90' lang='lat' dir='ltr'><strong>spectantes</strong></span> <span class='ocrx_word' id='word_1_130' title='bbox 1030 2431 1238 2496; x_wconf 90' lang='lat' dir='ltr'><strong>contulimus</strong></span> <span class='ocrx_word' id='word_1_131' title='bbox 1274 2432 1404 2497; x_wconf 92' lang='lat' dir='ltr'><strong>intuitu</strong></span> 
     </span>
     <span class='ocr_line' id='line_1_17' title="bbox 294 2525 1404 2620; baseline 0.002 -21"><span class='ocrx_word' id='word_1_132' title='bbox 294 2536 459 2611; x_wconf 70' lang='lat' dir='ltr'><strong>caritatis</strong></span> <span class='ocrx_word' id='word_1_133' title='bbox 478 2537 661 2620; x_wconf 91' lang='lat' dir='ltr'><strong>ipsumque</strong></span> <span class='ocrx_word' id='word_1_134' title='bbox 678 2537 882 2601; x_wconf 87' lang='lat' dir='ltr'><strong>canonicum</strong></span> <span class='ocrx_word' id='word_1_135' title='bbox 900 2542 934 2599; x_wconf 91' lang='lat' dir='ltr'><strong>et</strong></span> <span class='ocrx_word' id='word_1_136' title='bbox 952 2525 1215 2619; x_wconf 89' lang='lat' dir='ltr'><strong>prebendarium</strong></span> <span class='ocrx_word' id='word_1_137' title='bbox 1233 2537 1404 2601; x_wconf 86' lang='lat' dir='ltr'><strong>dictorum</strong></span> 
     </span>
     <span class='ocr_line' id='line_1_18' title="bbox 294 2641 1404 2725; baseline 0.001 -21"><span class='ocrx_word' id='word_1_138' title='bbox 294 2642 517 2705; x_wconf 90' lang='lat' dir='ltr'><strong>canonicatus</strong></span> <span class='ocrx_word' id='word_1_139' title='bbox 543 2647 577 2704; x_wconf 91' lang='lat' dir='ltr'><strong>et</strong></span> <span class='ocrx_word' id='word_1_140' title='bbox 603 2641 775 2725; x_wconf 92' lang='lat' dir='ltr'><strong>prebende</strong></span> <span class='ocrx_word' id='word_1_141' title='bbox 801 2660 861 2724; x_wconf 87' lang='lat' dir='ltr'><strong>per</strong></span> <span class='ocrx_word' id='word_1_142' title='bbox 886 2641 1004 2704; x_wconf 91' lang='lat' dir='ltr'><strong>birreti</strong></span> <span class='ocrx_word' id='word_1_143' title='bbox 1029 2641 1137 2705; x_wconf 91' lang='lat' dir='ltr'><strong>nostri</strong></span> <span class='ocrx_word' id='word_1_144' title='bbox 1163 2641 1404 2705; x_wconf 89' lang='lat' dir='ltr'><strong>tradiscionem</strong></span> 
     </span>
     <span class='ocr_line' id='line_1_19' title="bbox 293 2744 1452 2829; baseline 0.002 -22"><span class='ocrx_word' id='word_1_145' title='bbox 293 2745 507 2810; x_wconf 90' lang='lat' dir='ltr'><strong>instituimus</strong></span> <span class='ocrx_word' id='word_1_146' title='bbox 547 2751 582 2808; x_wconf 90' lang='lat' dir='ltr'><strong>et</strong></span> <span class='ocrx_word' id='word_1_147' title='bbox 622 2745 881 2809; x_wconf 88' lang='lat' dir='ltr'><strong>inuestituimus</strong></span> <span class='ocrx_word' id='word_1_148' title='bbox 921 2744 1174 2829; x_wconf 89' lang='lat' dir='ltr'><strong>presencialiter</strong></span> <span class='ocrx_word' id='word_1_149' title='bbox 1212 2746 1247 2809; x_wconf 91' lang='lat' dir='ltr'><strong>in</strong></span> <span class='ocrx_word' id='word_1_150' title='bbox 1288 2751 1322 2809; x_wconf 92' lang='lat' dir='ltr'><strong>et</strong></span> <span class='ocrx_word' id='word_1_151' title='bbox 1362 2746 1405 2809; x_wconf 88' lang='lat' dir='ltr'><strong>de</strong></span> <span class='ocrx_word' id='word_1_152' title='bbox 1448 2775 1452 2778; x_wconf 52' lang='grc'>’</span> 
     </span>
    </p>

    <p class='ocr_par' dir='ltr' id='par_1_6' title="bbox 230 2850 1405 3877">
     <span class='ocr_line' id='line_1_20' title="bbox 230 2850 1404 2934; baseline 0.002 -21"><span class='ocrx_word' id='word_1_153' title='bbox 230 2929 233 2934; x_wconf 84' lang='lat'>.</span> <span class='ocrx_word' id='word_1_154' title='bbox 294 2851 444 2926; x_wconf 89' lang='lat' dir='ltr'><strong>eisdem;</strong></span> <span class='ocrx_word' id='word_1_155' title='bbox 470 2851 576 2916; x_wconf 90' lang='lat' dir='ltr'><strong>Vobis</strong></span> <span class='ocrx_word' id='word_1_156' title='bbox 615 2851 822 2915; x_wconf 90' lang='lat' dir='ltr'><strong>mandamus</strong></span> <span class='ocrx_word' id='word_1_157' title='bbox 862 2850 1027 2934; x_wconf 91' lang='lat' dir='ltr'><strong>quatinus</strong></span> <span class='ocrx_word' id='word_1_158' title='bbox 1067 2850 1240 2934; x_wconf 89' lang='lat' dir='ltr'><strong>prelatum</strong></span> <span class='ocrx_word' id='word_1_159' title='bbox 1280 2851 1404 2915; x_wconf 89' lang='lat' dir='ltr'><strong>M&#39;rum</strong></span> 
     </span>
     <span class='ocr_line' id='line_1_21' title="bbox 294 2954 1404 3040; baseline 0 -21"><span class='ocrx_word' id='word_1_160' title='bbox 294 2954 431 3036; x_wconf 90' lang='lat' dir='ltr'><strong>Joh’em</strong></span> <span class='ocrx_word' id='word_1_161' title='bbox 464 2954 608 3019; x_wconf 88' lang='lat' dir='ltr'><strong>Sendale</strong></span> <span class='ocrx_word' id='word_1_162' title='bbox 640 2955 696 3018; x_wconf 91' lang='lat' dir='ltr'><strong>vel</strong></span> <span class='ocrx_word' id='word_1_163' title='bbox 730 2961 987 3038; x_wconf 89' lang='lat' dir='ltr'><strong>procuratorem</strong></span> <span class='ocrx_word' id='word_1_164' title='bbox 1019 2975 1120 3020; x_wconf 93' lang='lat' dir='ltr'><strong>suum</strong></span> <span class='ocrx_word' id='word_1_165' title='bbox 1152 2975 1404 3040; x_wconf 89' lang='lat' dir='ltr'><strong>quemcumque</strong></span> 
     </span>
     <span class='ocr_line' id='line_1_22' title="bbox 293 3059 1403 3143; baseline 0.001 -20"><span class='ocrx_word' id='word_1_166' title='bbox 293 3060 431 3124; x_wconf 91' lang='lat' dir='ltr'><strong>nomine</strong></span> <span class='ocrx_word' id='word_1_167' title='bbox 468 3080 530 3123; x_wconf 92' lang='lat' dir='ltr'><strong>suo</strong></span> <span class='ocrx_word' id='word_1_168' title='bbox 568 3060 603 3122; x_wconf 92' lang='lat' dir='ltr'><strong>in</strong></span> <span class='ocrx_word' id='word_1_169' title='bbox 641 3059 854 3143; x_wconf 86' lang='lat' dir='ltr'><strong>corporalem</strong></span> <span class='ocrx_word' id='word_1_170' title='bbox 892 3060 1064 3124; x_wconf 91' lang='lat' dir='ltr'><strong>dictorum</strong></span> <span class='ocrx_word' id='word_1_171' title='bbox 1102 3059 1332 3124; x_wconf 88' lang='lat' dir='ltr'><strong>Canonicatus</strong></span> <span class='ocrx_word' id='word_1_172' title='bbox 1369 3066 1403 3124; x_wconf 88' lang='lat' dir='ltr'><strong>et</strong></span> 
     </span>
     <span class='ocr_line' id='line_1_23' title="bbox 294 3164 1404 3248; baseline 0.001 -20"><span class='ocrx_word' id='word_1_173' title='bbox 294 3164 465 3248; x_wconf 88' lang='lat' dir='ltr'><strong>prebende</strong></span> <span class='ocrx_word' id='word_1_174' title='bbox 508 3165 755 3248; x_wconf 90' lang='lat' dir='ltr'><strong>possessionem</strong></span> <span class='ocrx_word' id='word_1_175' title='bbox 797 3165 991 3248; x_wconf 90' lang='lat' dir='ltr'><strong>iuriumque</strong></span> <span class='ocrx_word' id='word_1_176' title='bbox 1036 3165 1111 3247; x_wconf 67' lang='lat' dir='ltr'><strong>(etp</strong></span> <span class='ocrx_word' id='word_1_177' title='bbox 1155 3164 1404 3248; x_wconf 91' lang='lat' dir='ltr'><strong>pertinencium</strong></span> 
     </span>
     <span class='ocr_line' id='line_1_24' title="bbox 293 3269 1402 3345; baseline 0.001 -13"><span class='ocrx_word' id='word_1_178' title='bbox 293 3289 433 3333; x_wconf 89' lang='lat' dir='ltr'><strong>suorum</strong></span> <span class='ocrx_word' id='word_1_179' title='bbox 448 3269 686 3333; x_wconf 88' lang='lat' dir='ltr'><strong>vniuersorum</strong></span> <span class='ocrx_word' id='word_1_180' title='bbox 702 3269 838 3333; x_wconf 85' lang='lat' dir='ltr'><strong>realiter</strong></span> <span class='ocrx_word' id='word_1_181' title='bbox 853 3269 1025 3333; x_wconf 86' lang='lat' dir='ltr'><strong>inducatis</strong></span> <span class='ocrx_word' id='word_1_182' title='bbox 1039 3290 1100 3334; x_wconf 93' lang='lat' dir='ltr'><strong>seu</strong></span> <span class='ocrx_word' id='word_1_183' title='bbox 1115 3269 1230 3334; x_wconf 89' lang='lat' dir='ltr'><strong>induci</strong></span> <span class='ocrx_word' id='word_1_184' title='bbox 1245 3270 1380 3334; x_wconf 83' lang='lat' dir='ltr'><strong>faciatis</strong></span> <span class='ocrx_word' id='word_1_185' title='bbox 1395 3289 1402 3345; x_wconf 91' lang='lat'>;</span> 
     </span>
     <span class='ocr_line' id='line_1_25' title="bbox 293 3373 1403 3457; baseline 0 -20"><span class='ocrx_word' id='word_1_186' title='bbox 293 3373 433 3438; x_wconf 89' lang='lat' dir='ltr'><strong>stallum</strong></span> <span class='ocrx_word' id='word_1_187' title='bbox 451 3373 486 3437; x_wconf 92' lang='lat' dir='ltr'><strong>in</strong></span> <span class='ocrx_word' id='word_1_188' title='bbox 504 3374 607 3437; x_wconf 91' lang='lat' dir='ltr'><strong>choro</strong></span> <span class='ocrx_word' id='word_1_189' title='bbox 625 3380 660 3436; x_wconf 90' lang='lat' dir='ltr'><strong>et</strong></span> <span class='ocrx_word' id='word_1_190' title='bbox 677 3373 791 3438; x_wconf 91' lang='lat' dir='ltr'><strong>locum</strong></span> <span class='ocrx_word' id='word_1_191' title='bbox 809 3374 844 3437; x_wconf 93' lang='lat' dir='ltr'><strong>in</strong></span> <span class='ocrx_word' id='word_1_192' title='bbox 863 3373 1023 3457; x_wconf 88' lang='lat' dir='ltr'><strong>Capitulo</strong></span> <span class='ocrx_word' id='word_1_193' title='bbox 1041 3374 1168 3437; x_wconf 91' lang='lat' dir='ltr'><strong>eisdem</strong></span> <span class='ocrx_word' id='word_1_194' title='bbox 1186 3375 1403 3439; x_wconf 88' lang='lat' dir='ltr'><strong>canonicatui</strong></span> 
     </span>
     <span class='ocr_line' id='line_1_26' title="bbox 293 3477 1405 3561; baseline 0.001 -20"><span class='ocrx_word' id='word_1_195' title='bbox 293 3483 328 3542; x_wconf 91' lang='lat' dir='ltr'><strong>et</strong></span> <span class='ocrx_word' id='word_1_196' title='bbox 347 3477 518 3561; x_wconf 90' lang='lat' dir='ltr'><strong>prebende</strong></span> <span class='ocrx_word' id='word_1_197' title='bbox 537 3479 582 3541; x_wconf 95' lang='lat' dir='ltr'><strong>ab</strong></span> <span class='ocrx_word' id='word_1_198' title='bbox 600 3478 745 3561; x_wconf 86' lang='lat' dir='ltr'><strong>antiquo</strong></span> <span class='ocrx_word' id='word_1_199' title='bbox 765 3478 891 3542; x_wconf 90' lang='lat' dir='ltr'><strong>debitis</strong></span> <span class='ocrx_word' id='word_1_200' title='bbox 910 3478 1021 3542; x_wconf 90' lang='lat' dir='ltr'><strong>eidem</strong></span> <span class='ocrx_word' id='word_1_201' title='bbox 1040 3478 1125 3542; x_wconf 89' lang='lat' dir='ltr'><strong>M’ro</strong></span> <span class='ocrx_word' id='word_1_202' title='bbox 1144 3479 1236 3561; x_wconf 87' lang='lat' dir='ltr'><strong>Joh&#39;i</strong></span> <span class='ocrx_word' id='word_1_203' title='bbox 1255 3499 1315 3543; x_wconf 91' lang='lat' dir='ltr'><strong>seu</strong></span> <span class='ocrx_word' id='word_1_204' title='bbox 1333 3479 1405 3543; x_wconf 90' lang='lat' dir='ltr'><strong>eius</strong></span> 
     </span>
     <span class='ocr_line' id='line_1_27' title="bbox 294 3582 1404 3668; baseline 0.001 -22"><span class='ocrx_word' id='word_1_205' title='bbox 294 3582 508 3665; x_wconf 88' lang='lat' dir='ltr'><strong>procuratori</strong></span> <span class='ocrx_word' id='word_1_206' title='bbox 546 3583 742 3646; x_wconf 90' lang='lat' dir='ltr'><strong>huiusmodi</strong></span> <span class='ocrx_word' id='word_1_207' title='bbox 783 3583 999 3667; x_wconf 83' lang='lat' dir='ltr'><strong>assignando</strong></span> <span class='ocrx_word' id='word_1_208' title='bbox 1074 3584 1154 3647; x_wconf 93' lang='lat' dir='ltr'><strong>Dat.</strong></span> <span class='ocrx_word' id='word_1_209' title='bbox 1194 3583 1258 3647; x_wconf 93' lang='lat' dir='ltr'><strong>sub</strong></span> <span class='ocrx_word' id='word_1_210' title='bbox 1296 3583 1404 3668; x_wconf 85' lang='lat' dir='ltr'><strong>sigillo</strong></span> 
     </span>
     <span class='ocr_line' id='line_1_28' title="bbox 293 3687 1404 3762; baseline 0.003 -13"><span class='ocrx_word' id='word_1_211' title='bbox 293 3693 411 3750; x_wconf 91' lang='lat' dir='ltr'><strong>nostro</strong></span> <span class='ocrx_word' id='word_1_212' title='bbox 440 3687 475 3750; x_wconf 94' lang='lat' dir='ltr'><strong>in</strong></span> <span class='ocrx_word' id='word_1_213' title='bbox 505 3687 657 3750; x_wconf 90' lang='lat' dir='ltr'><strong>manerio</strong></span> <span class='ocrx_word' id='word_1_214' title='bbox 686 3693 805 3750; x_wconf 91' lang='lat' dir='ltr'><strong>nostro</strong></span> <span class='ocrx_word' id='word_1_215' title='bbox 836 3687 1010 3762; x_wconf 86' lang='lat' dir='ltr'><strong>Suthwell,</strong></span> <span class='ocrx_word' id='word_1_216' title='bbox 1041 3693 1166 3752; x_wconf 88' lang='lat' dir='ltr'><strong>octauo</strong></span> <span class='ocrx_word' id='word_1_217' title='bbox 1196 3688 1250 3751; x_wconf 92' lang='lat' dir='ltr'><strong>die</strong></span> <span class='ocrx_word' id='word_1_218' title='bbox 1279 3688 1404 3752; x_wconf 87' lang='lat' dir='ltr'><strong>mensis</strong></span> 
     </span>
     <span class='ocr_line' id='line_1_29' title="bbox 294 3787 1404 3877; baseline 0.004 -24"><span class='ocrx_word' id='word_1_219' title='bbox 294 3791 492 3855; x_wconf 89' lang='lat' dir='ltr'><strong>Decembris</strong></span> <span class='ocrx_word' id='word_1_220' title='bbox 525 3790 571 3854; x_wconf 81' lang='grc' dir='ltr'><strong>Αο</strong></span> <span class='ocrx_word' id='word_1_221' title='bbox 605 3787 645 3854; x_wconf 87' lang='lat' dir='ltr'><strong>Di</strong></span> <span class='ocrx_word' id='word_1_222' title='bbox 680 3791 757 3853; x_wconf 66' lang='grc' dir='ltr'><strong>ΜῐΠΟ</strong></span> <span class='ocrx_word' id='word_1_223' title='bbox 794 3812 871 3854; x_wconf 90' lang='lat' dir='ltr'><strong>cccc</strong></span> <span class='ocrx_word' id='word_1_224' title='bbox 912 3791 923 3854; x_wconf 92' lang='lat' dir='ltr'><strong>l</strong></span> <span class='ocrx_word' id='word_1_225' title='bbox 965 3797 1100 3866; x_wconf 82' lang='lat' dir='ltr'><strong>octaua,</strong></span> <span class='ocrx_word' id='word_1_226' title='bbox 1141 3797 1404 3877; x_wconf 90' lang='lat' dir='ltr'><strong>nostrarumque</strong></span> 
     </span>
    </p>
   </div>
   <div class='ocr_carea' id='block_1_5' title="bbox 293 3895 1390 3980">
    <p class='ocr_par' dir='ltr' id='par_1_7' title="bbox 293 3895 1390 3980">
     <span class='ocr_line' id='line_1_30' title="bbox 293 3895 1390 3980; baseline 0.003 -22"><span class='ocrx_word' id='word_1_227' title='bbox 293 3895 560 3959; x_wconf 87' lang='lat' dir='ltr'><strong>consecracionis</strong></span> <span class='ocrx_word' id='word_1_228' title='bbox 579 3916 670 3959; x_wconf 93' lang='lat' dir='ltr'><strong>anno</strong></span> <span class='ocrx_word' id='word_1_229' title='bbox 689 3895 902 3970; x_wconf 89' lang='lat' dir='ltr'><strong>duodecimo,</strong></span> <span class='ocrx_word' id='word_1_230' title='bbox 924 3901 958 3958; x_wconf 90' lang='lat' dir='ltr'><strong>et</strong></span> <span class='ocrx_word' id='word_1_231' title='bbox 978 3895 1215 3959; x_wconf 85' lang='lat' dir='ltr'><strong>translacionis</strong></span> <span class='ocrx_word' id='word_1_232' title='bbox 1233 3897 1390 3980; x_wconf 79' lang='lat' dir='ltr'><strong>septimo</strong></span> 
     </span>
    </p>
   </div>
   <div class='ocr_carea' id='block_1_6' title="bbox 243 4024 1437 4820">
    <p class='ocr_par' dir='ltr' id='par_1_8' title="bbox 291 4024 1437 4732">
     <span class='ocr_line' id='line_1_31' title="bbox 383 4024 1402 4102; baseline 0.002 -14"><span class='ocrx_word' id='word_1_233' title='bbox 383 4025 524 4088; x_wconf 91' lang='lat' dir='ltr'><strong>Presens</strong></span> <span class='ocrx_word' id='word_1_234' title='bbox 552 4025 760 4089; x_wconf 88' lang='lat' dir='ltr'><strong>mandatum</strong></span> <span class='ocrx_word' id='word_1_235' title='bbox 790 4025 947 4089; x_wconf 88' lang='lat' dir='ltr'><strong>exhibuit</strong></span> <span class='ocrx_word' id='word_1_236' title='bbox 976 4024 1053 4088; x_wconf 90' lang='lat' dir='ltr'><strong>d&#39;ns</strong></span> <span class='ocrx_word' id='word_1_237' title='bbox 1081 4025 1230 4089; x_wconf 85' lang='lat' dir='ltr'><strong>Thomas</strong></span> <span class='ocrx_word' id='word_1_238' title='bbox 1260 4026 1402 4102; x_wconf 89' lang='lat' dir='ltr'><strong>Hawke,</strong></span> 
     </span>
     <span class='ocr_line' id='line_1_32' title="bbox 293 4128 1404 4213; baseline 0.001 -20"><span class='ocrx_word' id='word_1_239' title='bbox 293 4129 500 4213; x_wconf 89' lang='lat' dir='ltr'><strong>capellanus,</strong></span> <span class='ocrx_word' id='word_1_240' title='bbox 526 4129 561 4193; x_wconf 93' lang='lat' dir='ltr'><strong>in</strong></span> <span class='ocrx_word' id='word_1_241' title='bbox 586 4128 690 4193; x_wconf 92' lang='lat' dir='ltr'><strong>domo</strong></span> <span class='ocrx_word' id='word_1_242' title='bbox 716 4128 906 4213; x_wconf 89' lang='lat' dir='ltr'><strong>Capitulari</strong></span> <span class='ocrx_word' id='word_1_243' title='bbox 931 4129 1010 4193; x_wconf 87' lang='lat' dir='ltr'><strong>eccl.</strong></span> <span class='ocrx_word' id='word_1_244' title='bbox 1037 4129 1111 4194; x_wconf 91' lang='lat' dir='ltr'><strong>coll.</strong></span> <span class='ocrx_word' id='word_1_245' title='bbox 1138 4129 1232 4193; x_wconf 90' lang='lat' dir='ltr'><strong>beati</strong></span> <span class='ocrx_word' id='word_1_246' title='bbox 1257 4129 1404 4194; x_wconf 87' lang='lat' dir='ltr'><strong>Wiliridi</strong></span> 
     </span>
     <span class='ocr_line' id='line_1_33' title="bbox 293 4226 1437 4317; baseline 0.002 -20"><span class='ocrx_word' id='word_1_247' title='bbox 293 4232 430 4317; x_wconf 91' lang='lat' dir='ltr'><strong>Ripon&#39;,</strong></span> <span class='ocrx_word' id='word_1_248' title='bbox 467 4232 671 4298; x_wconf 90' lang='lat' dir='ltr'><strong>duodecimo</strong></span> <span class='ocrx_word' id='word_1_249' title='bbox 706 4233 760 4297; x_wconf 91' lang='lat' dir='ltr'><strong>die</strong></span> <span class='ocrx_word' id='word_1_250' title='bbox 796 4233 922 4297; x_wconf 91' lang='lat' dir='ltr'><strong>mensis</strong></span> <span class='ocrx_word' id='word_1_251' title='bbox 958 4233 1166 4309; x_wconf 87' lang='lat' dir='ltr'><strong>Decembris,</strong></span> <span class='ocrx_word' id='word_1_252' title='bbox 1203 4233 1303 4299; x_wconf 88' lang='lat' dir='ltr'><strong>Anno</strong></span> <span class='ocrx_word' id='word_1_253' title='bbox 1342 4235 1403 4299; x_wconf 85' lang='lat' dir='ltr'><strong>Doi</strong></span> <span class='ocrx_word' id='word_1_254' title='bbox 1435 4226 1437 4230; x_wconf 6' lang='grc' dir='ltr'>ὗ</span> 
     </span>
     <span class='ocr_line' id='line_1_34' title="bbox 291 4337 1404 4422; baseline 0.002 -21"><span class='ocrx_word' id='word_1_255' title='bbox 291 4337 435 4402; x_wconf 90' lang='lat' dir='ltr'><strong>mill’mo</strong></span> <span class='ocrx_word' id='word_1_256' title='bbox 459 4359 536 4402; x_wconf 89' lang='lat' dir='ltr'><strong>cccc</strong></span> <span class='ocrx_word' id='word_1_257' title='bbox 558 4337 658 4421; x_wconf 80' lang='lat' dir='ltr'><strong>lviij0,</strong></span> <span class='ocrx_word' id='word_1_258' title='bbox 684 4359 754 4402; x_wconf 91' lang='lat' dir='ltr'><strong>vna</strong></span> <span class='ocrx_word' id='word_1_259' title='bbox 774 4358 853 4402; x_wconf 90' lang='lat' dir='ltr'><strong>cum</strong></span> <span class='ocrx_word' id='word_1_260' title='bbox 875 4337 1064 4402; x_wconf 90' lang='lat' dir='ltr'><strong>sufficiente</strong></span> <span class='ocrx_word' id='word_1_261' title='bbox 1086 4339 1321 4422; x_wconf 90' lang='lat' dir='ltr'><strong>procuratorio</strong></span> <span class='ocrx_word' id='word_1_262' title='bbox 1340 4340 1404 4404; x_wconf 91' lang='lat' dir='ltr'><strong>sibi</strong></span> 
     </span>
     <span class='ocr_line' id='line_1_35' title="bbox 293 4441 1405 4526; baseline 0.002 -20"><span class='ocrx_word' id='word_1_263' title='bbox 293 4442 337 4506; x_wconf 97' lang='lat' dir='ltr'><strong>ad</strong></span> <span class='ocrx_word' id='word_1_264' title='bbox 362 4441 543 4526; x_wconf 87' lang='lat' dir='ltr'><strong>recipiend.</strong></span> <span class='ocrx_word' id='word_1_265' title='bbox 569 4448 604 4505; x_wconf 90' lang='lat' dir='ltr'><strong>et</strong></span> <span class='ocrx_word' id='word_1_266' title='bbox 629 4442 807 4526; x_wconf 93' lang='lat' dir='ltr'><strong>optinend.</strong></span> <span class='ocrx_word' id='word_1_267' title='bbox 834 4441 1075 4506; x_wconf 88' lang='lat' dir='ltr'><strong>induccionem</strong></span> <span class='ocrx_word' id='word_1_268' title='bbox 1099 4449 1133 4506; x_wconf 91' lang='lat' dir='ltr'><strong>et</strong></span> <span class='ocrx_word' id='word_1_269' title='bbox 1158 4443 1405 4526; x_wconf 90' lang='lat' dir='ltr'><strong>possessionem</strong></span> 
     </span>
     <span class='ocr_line' id='line_1_36' title="bbox 291 4545 1405 4630; baseline 0.002 -20"><span class='ocrx_word' id='word_1_270' title='bbox 291 4545 524 4630; x_wconf 88' lang='lat' dir='ltr'><strong>predictorum</strong></span> <span class='ocrx_word' id='word_1_271' title='bbox 574 4545 805 4611; x_wconf 87' lang='lat' dir='ltr'><strong>Canonicatus</strong></span> <span class='ocrx_word' id='word_1_272' title='bbox 856 4552 890 4609; x_wconf 91' lang='lat' dir='ltr'><strong>et</strong></span> <span class='ocrx_word' id='word_1_273' title='bbox 943 4545 1115 4630; x_wconf 91' lang='lat' dir='ltr'><strong>prebende</strong></span> <span class='ocrx_word' id='word_1_274' title='bbox 1164 4567 1224 4630; x_wconf 91' lang='lat' dir='ltr'><strong>per</strong></span> <span class='ocrx_word' id='word_1_275' title='bbox 1273 4547 1405 4612; x_wconf 88' lang='lat' dir='ltr'><strong>dictum</strong></span> 
     </span>
     <span class='ocr_line' id='line_1_37' title="bbox 292 4650 1405 4732; baseline 0.002 -18"><span class='ocrx_word' id='word_1_276' title='bbox 292 4650 516 4715; x_wconf 90' lang='lat' dir='ltr'><strong>reuerendum</strong></span> <span class='ocrx_word' id='word_1_277' title='bbox 555 4650 669 4715; x_wconf 92' lang='lat' dir='ltr'><strong>virum</strong></span> <span class='ocrx_word' id='word_1_278' title='bbox 716 4650 844 4715; x_wconf 90' lang='lat' dir='ltr'><strong>M&#39;rum</strong></span> <span class='ocrx_word' id='word_1_279' title='bbox 884 4650 1021 4732; x_wconf 90' lang='lat' dir='ltr'><strong>Joh&#39;em</strong></span> <span class='ocrx_word' id='word_1_280' title='bbox 1062 4650 1198 4715; x_wconf 84' lang='lat' dir='ltr'><strong>Sendall</strong></span> <span class='ocrx_word' id='word_1_281' title='bbox 1238 4651 1331 4716; x_wconf 89' lang='lat' dir='ltr'><strong>iacto</strong></span> <span class='ocrx_word' id='word_1_282' title='bbox 1370 4660 1405 4716; x_wconf 90' lang='lat' dir='ltr'><strong>et</strong></span> 
     </span>
    </p>

    <p class='ocr_par' dir='ltr' id='par_1_9' title="bbox 243 4755 433 4820">
     <span class='ocr_line' id='line_1_38' title="bbox 243 4755 433 4820; baseline 0 0"><span class='ocrx_word' id='word_1_283' title='bbox 243 4762 246 4773; x_wconf 95' lang='lat'>&#39;</span> <span class='ocrx_word' id='word_1_284' title='bbox 293 4755 433 4820; x_wconf 90' lang='lat' dir='ltr'><strong>tradit0.</strong></span> 
     </span>
    </p>
   </div>
   <div class='ocr_carea' id='block_1_7' title="bbox 365 4893 1382 4958">
    <p class='ocr_par' dir='ltr' id='par_1_10' title="bbox 365 4893 1382 4958">
     <span class='ocr_line' id='line_1_39' title="bbox 365 4893 1382 4958; baseline 0.003 -15"><span class='ocrx_word' id='word_1_285' title='bbox 365 4899 373 4951; x_wconf 73' lang='lat' dir='ltr'>f</span> <span class='ocrx_word' id='word_1_286' title='bbox 393 4893 520 4943; x_wconf 87' lang='lat' dir='ltr'><strong>Omitted</strong></span> <span class='ocrx_word' id='word_1_287' title='bbox 532 4895 562 4943; x_wconf 88' lang='lat' dir='ltr'><strong>in</strong></span> <span class='ocrx_word' id='word_1_288' title='bbox 574 4894 642 4952; x_wconf 73' lang='lat' dir='ltr'><strong>MS„</strong></span> <span class='ocrx_word' id='word_1_289' title='bbox 656 4896 709 4944; x_wconf 86' lang='lat' dir='ltr'><strong>but</strong></span> <span class='ocrx_word' id='word_1_290' title='bbox 722 4896 872 4945; x_wconf 89' lang='lat' dir='ltr'><strong>contained</strong></span> <span class='ocrx_word' id='word_1_291' title='bbox 885 4897 914 4944; x_wconf 91' lang='lat' dir='ltr'><strong>in</strong></span> <span class='ocrx_word' id='word_1_292' title='bbox 927 4896 979 4944; x_wconf 91' lang='lat' dir='ltr'><strong>No.</strong></span> <span class='ocrx_word' id='word_1_293' title='bbox 996 4908 1047 4958; x_wconf 79' lang='lat'><strong>314</strong></span> <span class='ocrx_word' id='word_1_294' title='bbox 1060 4897 1116 4944; x_wconf 90' lang='lat' dir='ltr'><strong>and</strong></span> <span class='ocrx_word' id='word_1_295' title='bbox 1129 4896 1209 4945; x_wconf 88' lang='lat' dir='ltr'><strong>other</strong></span> <span class='ocrx_word' id='word_1_296' title='bbox 1222 4898 1382 4946; x_wconf 79' lang='lat' dir='ltr'><strong>mandates.</strong></span> 
     </span>
    </p>
   </div>
   <div class='ocr_carea' id='block_1_8' title="bbox 0 0 1701 5650">
    <p class='ocr_par' dir='ltr' id='par_1_11' title="bbox 0 0 1701 5650">
     <span class='ocr_line' id='line_1_40' title="bbox 0 0 1701 5650; baseline 0 0"><span class='ocrx_word' id='word_1_297' title='bbox 0 0 1701 5650; x_wconf 95' lang='lat' dir='ltr'><strong> </strong></span> 
     </span>
    </p>
   </div>
  </div>
 </body>
</html>
