3392 5650
628 733 722 799 Acrs
745 751 791 800 or
814 732 993 801 CnArrER.
1302 752 1365 819 245

257 912 416 987 retinet,'’
434 918 511 987 etc,
529 913 647 977 dicant
666 919 700 977 et
722 915 874 979 habeant
894 914 1085 998 specialiter
1104 915 1309 991 ordinatam,
1330 921 1365 979 et

256 1037 318 1099 pro
329 1017 494 1081 fratribus
504 1023 538 1081 et
549 1017 721 1082 sororibus
734 1017 832 1082 Gilde
843 1019 1039 1083 huiusmodi
1049 1019 1138 1083 viuis
1149 1025 1183 1083 et
1194 1019 1366 1084 defunctis

255 1121 396 1205 singulis
416 1121 537 1185 diebus
556 1122 673 1186 dicant
694 1128 728 1186 et
749 1122 842 1187 dicat
862 1123 1007 1207 quilibet
1027 1143 1144 1188 eorum
1164 1123 1311 1188 Placebo
1330 1130 1365 1187 et

256 1225 371 1309 Dirige
394 1246 473 1289 cum
496 1226 797 1291 commendacione
821 1227 960 1291 tractim
984 1233 1018 1291 et
1042 1227 1166 1292 deuote
1189 1227 1253 1292 nisi
1277 1228 1365 1293 forte

255 1329 372 1413 aliqua
402 1350 507 1394 causa
528 1330 692 1415 legitima,
721 1331 852 1415 absque
876 1331 955 1395 dolo
980 1337 1096 1395 tamen
1127 1332 1182 1396 vel
1213 1331 1363 1407 ficcione,

254 1434 392 1517 grauius
425 1434 552 1498 luerint
584 1434 751 1519 impediti,
775 1455 835 1499 seu
864 1456 981 1499 eorum
1013 1436 1136 1520 aliquis
1168 1436 1271 1500 fuerit
1302 1436 1364 1500 im-

255 1537 402 1621 peditus
429 1544 615 1622 postquam
641 1539 683 1602 de
708 1538 905 1603 huiusmodi
925 1538 1087 1603 Cantaria
1106 1560 1166 1623 per
1190 1539 1364 1624 prefatum

254 1641 454 1705 venerabile·
473 1642 672 1726 Capitulum
697 1643 776 1707 eccl.
804 1643 929 1727 Ripon'
957 1664 1016 1707 seu
1042 1644 1146 1708 modo
1170 1643 1364 1727 subscripto

254 1746 313 1808 vni
333 1745 517 1830 Capellano
536 1746 672 1830 ydoneo
691 1746 832 1811 collacio
852 1747 946 1811 facta
966 1748 1081 1823 luerit,
1101 1753 1136 1811 et
1154 1748 1226 1831 ipse
1245 1747 1363 1832 Capel-

254 1849 353 1913 lanus
372 1849 533 1914 inductus
553 1851 587 1913 in
607 1850 727 1914 eadem
747 1857 851 1934 prout
869 1856 921 1915 est
937 1851 1009 1916 fieri
1025 1858 1228 1916 consuetum
1244 1851 1279 1915 in
1299 1852 1363 1917 hoc

254 1974 345 2017 casu.
393 1954 560 2018 Volumus
582 1954 690 2019 eciam
713 1961 748 2018 et
770 1954 970 2019 ordinamus
992 1956 1085 2039 quod
1108 1955 1264 2039 prefatus
1286 1955 1363 2020 d’ns
1397 1953 1540 2069 νῑῗὶξῗῒῗξᾶῑ

255 2057 403 2122 Rob’tus
448 2058 652 2142 Capellanus
695 2059 870 2143 ipsiusque
914 2079 1123 2144 successores
1167 2060 1364 2124 huiusmodi
1422 2034 1556 2069 1s1a10n.

253 2163 405 2226 cantarie
421 2162 598 2247 capellani,
615 2183 733 2227 omnes
746 2170 780 2227 et
793 2163 917 2247 singuli
929 2164 999 2227 suis
1013 2164 1225 2247 temporibus
1241 2164 1364 2229 tratres

252 2273 286 2330 et
317 2286 447 2330 sorores
477 2265 575 2331 Gilde
606 2267 769 2351 predicte,
800 2267 827 2329 si
858 2267 893 2330 in
924 2267 1105 2331 aduersam
1135 2267 1363 2333 valitudinem

252 2371 444 2446 inciderint,
463 2372 621 2436 visitabit
638 2378 673 2435 et
690 2372 884 2435 visitabunt
902 2371 1084 2435 caritatiue
1101 2392 1180 2435 cum
1198 2372 1364 2457 obsequio

252 2475 432 2558 spirituali,
462 2497 502 2539 ac
530 2475 691 2539 residebit
720 2481 755 2538 et
783 2475 982 2539 residebunt
1010 2496 1050 2539 ac
1078 2476 1301 2559 personaliter
1328 2477 1363 2540 in

253 2579 346 2643 dicta
380 2579 520 2643 ecclesia
554 2579 679 2664 Ripon'
715 2579 926 2643 ministrabit
960 2585 995 2642 et
1029 2579 1288 2655 ministrabunt,
1323 2601 1364 2644 ac

252 2683 411 2747 habitum
427 2689 468 2746 vt
484 2684 590 2767 ipsius
605 2684 718 2748 ecel'ie
734 2683 852 2766 vicarij
872 2683 1003 2747 deleret
1019 2689 1054 2746 et
1070 2683 1224 2747 deferent
1240 2684 1363 2768 singuli

251 2788 321 2852 suis
350 2787 563 2872 temporibus
591 2788 790 2852 successiuis
819 2787 979 2853 omnibus
1007 2788 1099 2852 boris
1124 2788 1300 2857 *canonicis
1327 2788 1362 2852 in

251 2893 354 2957 choro
378 2893 530 2956 eiusdem
554 2892 691 2957 ecclesie
713 2899 748 2956 et
776 2893 1048 2976 processionibus
1076 2913 1116 2956 ac
1144 2891 1220 2976 alijs
1246 2889 1300 2975 (84
1313 2893 1359 2974 v.)
1389 2889 1562 2938 Presencern

250 2996 332 3060 locis
363 3003 398 3060 et
429 2996 642 3081 temporibus
672 2997 829 3080 congruis
860 2996 894 3059 in
925 2996 1051 3060 diuinis
1075 3002 1110 3059 et
1134 2996 1360 3072 oracionibus
1399 2956 1483 3012 Μ’
1499 2960 1552 3006 etc.

250 3100 404 3185 legitimo
435 3106 589 3165 cessante
621 3099 878 3184 impedimento
904 3100 1058 3164 intererit
1091 3106 1126 3163 et
1158 3099 1360 3177 intererunt,

250 3205 462 3269 ministrabit
503 3211 537 3267 et
579 3200 837 3279 ministrabunt,
881 3205 1033 3289 exceptis
1074 3204 1195 3268 diebus
1235 3204 1361 3289 quibus

251 3309 414 3373 ferialiter
428 3316 463 3373 et
478 3308 520 3372 de
536 3308 620 3372 teria
634 3308 749 3392 agitur
762 3314 797 3371 et
812 3308 847 3372 in
863 3308 1003 3372 ecclesia
1017 3308 1219 3383 celebratur,
1235 3309 1361 3392 quibus

251 3413 371 3477 diebus
394 3412 590 3477 huiusmodi
612 3411 779 3496 capellani
801 3434 822 3476 a
844 3433 907 3476 sua
929 3412 1097 3496 personali
1120 3412 1360 3478 interessencia

250 3518 285 3582 in
311 3518 415 3582 choro
441 3517 596 3601 predicto
622 3517 781 3581 volumus
808 3517 973 3592 excusari,
994 3523 1108 3601 preter
1129 3517 1359 3601 processiones

249 3629 290 3686 vt
313 3623 492 3706 prefertur,
514 3627 549 3684 et
576 3627 690 3706 preter
716 3626 831 3685 totum
858 3620 1049 3685 aduentum
1076 3621 1157 3685 D'ni
1184 3627 1219 3684 et
1246 3627 1358 3685 totam

248 3725 557 3810 quadragesimam,
595 3726 629 3788 in
665 3725 791 3809 quibus
825 3725 938 3809 ipsum
970 3730 1004 3788 et
1035 3745 1244 3789 successores
1279 3745 1359 3789 suos

248 3830 410 3894 interesse
439 3829 664 3913 personaliter
691 3829 901 3904 ordinamus
931 3850 972 3893 ac
1000 3835 1035 3892 et
1064 3829 1106 3893 de
1135 3829 1294 3893 omnibus
1322 3835 1357 3893 et

248 3934 389 4019 singulis
411 3934 574 4008 obitibus
598 3939 814 3997 mortuorum
836 3932 1002 4017 exequijS,
1026 3939 1061 3996 et
1083 3933 1358 4017 quibuscumque

249 4039 393 4103 aliarum
415 4038 677 4103 elemosinarum
698 4037 939 4121 largicionibus
961 4037 1003 4100 de
1024 4057 1115 4100 nouo
1137 4042 1216 4121 post
1237 4036 1357 4101 datam

184 4161 193 4169 ·
249 4143 461 4227 presencium
485 4161 545 4226 per
567 4162 629 4205 nos
652 4162 712 4205 seu
736 4141 859 4204 tratres
882 4147 916 4205 et
940 4161 1070 4204 sorores
1093 4140 1182 4224 gilde
1205 4140 1358 4225 predicte

248 4254 310 4311 aut
327 4246 404 4329 alijs
421 4246 587 4309 ministris
604 4245 695 4309 dicte
712 4244 850 4309 ecclesie
867 4244 1044 4329 collegiate
1061 4243 1357 4328 qualitercumque

247 4350 473 4416 concedendis
486 4371 546 4414 seu
559 4349 782 4424 conterendis,
795 4355 834 4412 vt
846 4349 932 4413 alius
942 4349 1187 4432 cuiuscumque
1198 4347 1357 4413 Cantarie

247 4454 443 4539 capellanus
461 4455 496 4518 in
514 4454 608 4518 dicta
626 4454 704 4518 eccl.
725 4452 806 4517 Coll.
827 4453 963 4516 realiter
980 4453 1144 4537 percipiet
1162 4459 1196 4515 et
1214 4453 1356 4517 habebit

248 4581 288 4624 ac
312 4559 448 4623 realiter
471 4558 519 4622 sic
543 4558 731 4642 percipient
757 4564 791 4621 et
815 4558 1006 4632 habebunt,
1024 4557 1059 4620 in
1083 4557 1209 4641 quibus
1233 4556 1298 4641 ipsi
1322 4564 1355 4622 et

247 4663 302 4748 alij
325 4660 473 4728 ministri
492 4662 584 4727 dicte
603 4662 716 4726 ecel'ie
735 4662 770 4725 in
790 4661 901 4725 forma
920 4660 1148 4725 ordinacionis
1167 4661 1246 4725 inde
1266 4661 1357 4726 lacte.

247 4767 472 4854 personaliter
510 4767 673 4831 interesse
713 4772 898 4831 teneantur
937 4772 972 4829 et
1013 4771 1173 4830 teneatur
1211 4765 1356 4850 quilibet
