<?xml version="1.0" encoding="UTF-8"?>
<!DOCTYPE html PUBLIC "-//W3C//DTD XHTML 1.0 Transitional//EN"
    "http://www.w3.org/TR/xhtml1/DTD/xhtml1-transitional.dtd">
<html xmlns="http://www.w3.org/1999/xhtml" xml:lang="en" lang="en">
 <head>
  <title>
</title>
<meta http-equiv="Content-Type" content="text/html;charset=utf-8" />
  <meta name='ocr-system' content='tesseract 3.04.00' />
  <meta name='ocr-capabilities' content='ocr_page ocr_carea ocr_par ocr_line ocrx_word'/>
</head>
<body>
  <div class='ocr_page' id='page_1' title='image "./memorialschurch01fowlgoog_0135.png"; bbox 0 0 3392 5650; ppageno 0'>
   <div class='ocr_carea' id='block_1_1' title="bbox 716 705 1386 787">
    <p class='ocr_par' dir='ltr' id='par_1_1' title="bbox 716 705 1386 787">
     <span class='ocr_line' id='line_1_1' title="bbox 716 705 1386 787; baseline -0.009 -16"><span class='ocrx_word' id='word_1_1' title='bbox 716 705 947 771; x_wconf 69' lang='lat' dir='ltr'>Cnnrumnv.</span> <span class='ocrx_word' id='word_1_2' title='bbox 1345 722 1386 787; x_wconf 79' lang='lat'>93</span> 
     </span>
    </p>
   </div>
   <div class='ocr_carea' id='block_1_2' title="bbox 473 882 1186 969">
    <p class='ocr_par' dir='ltr' id='par_1_2' title="bbox 473 882 1186 969">
     <span class='ocr_line' id='line_1_2' title="bbox 473 882 1186 969; baseline -0.003 -19"><span class='ocrx_word' id='word_1_3' title='bbox 473 886 561 969; x_wconf 85' lang='grc'>(146)</span> <span class='ocrx_word' id='word_1_4' title='bbox 589 886 645 950; x_wconf 75' lang='grc' dir='ltr'>ΒΕ</span> <span class='ocrx_word' id='word_1_5' title='bbox 670 898 823 949; x_wconf 71' lang='lat' dir='ltr'>nomen.¹</span> <span class='ocrx_word' id='word_1_6' title='bbox 873 882 996 963; x_wconf 86' lang='lat' dir='ltr'>(Grant</span> <span class='ocrx_word' id='word_1_7' title='bbox 1020 884 1056 947; x_wconf 85' lang='lat' dir='ltr'>oi</span> <span class='ocrx_word' id='word_1_8' title='bbox 1079 883 1186 964; x_wconf 88' lang='lat' dir='ltr'>land).</span> 
     </span>
    </p>
   </div>
   <div class='ocr_carea' id='block_1_3' title="bbox 363 1022 1570 1110">
    <p class='ocr_par' dir='ltr' id='par_1_3' title="bbox 363 1022 1570 1110">
     <span class='ocr_line' id='line_1_3' title="bbox 363 1022 1570 1110; baseline -0.008 -16"><span class='ocrx_word' id='word_1_9' title='bbox 363 1029 414 1094; x_wconf 85' lang='lat' dir='ltr'>Sc.</span> <span class='ocrx_word' id='word_1_10' title='bbox 444 1049 535 1093; x_wconf 94' lang='lat' dir='ltr'>omn.</span> <span class='ocrx_word' id='word_1_11' title='bbox 566 1034 639 1091; x_wconf 89' lang='lat' dir='ltr'>tam</span> <span class='ocrx_word' id='word_1_12' title='bbox 666 1047 753 1110; x_wconf 78' lang='lat' dir='ltr'>pres,</span> <span class='ocrx_word' id='word_1_13' title='bbox 782 1047 889 1110; x_wconf 92' lang='lat' dir='ltr'>quam</span> <span class='ocrx_word' id='word_1_14' title='bbox 917 1026 981 1090; x_wconf 75' lang='lat' dir='ltr'>lut.</span> <span class='ocrx_word' id='word_1_15' title='bbox 1010 1025 1104 1109; x_wconf 90' lang='lat' dir='ltr'>quod</span> <span class='ocrx_word' id='word_1_16' title='bbox 1132 1046 1194 1109; x_wconf 84' lang='lat' dir='ltr'>ego</span> <span class='ocrx_word' id='word_1_17' title='bbox 1223 1025 1311 1089; x_wconf 89' lang='lat' dir='ltr'>Rob.</span> <span class='ocrx_word' id='word_1_18' title='bbox 1341 1025 1387 1089; x_wconf 88' lang='lat' dir='ltr'>fil.</span> <span class='ocrx_word' id='word_1_19' title='bbox 1439 1022 1570 1071; x_wconf 74' lang='lat' dir='ltr'>eluther&#39;.</span> 
     </span>
    </p>
   </div>
   <div class='ocr_carea' id='block_1_4' title="bbox 275 1130 1391 1426">
    <p class='ocr_par' dir='ltr' id='par_1_4' title="bbox 275 1130 1391 1426">
     <span class='ocr_line' id='line_1_4' title="bbox 275 1130 1387 1217; baseline -0.004 -19"><span class='ocrx_word' id='word_1_20' title='bbox 275 1133 439 1217; x_wconf 91' lang='lat' dir='ltr'>Dolphini</span> <span class='ocrx_word' id='word_1_21' title='bbox 464 1133 506 1196; x_wconf 89' lang='lat' dir='ltr'>de</span> <span class='ocrx_word' id='word_1_22' title='bbox 530 1131 681 1196; x_wconf 84' lang='lat' dir='ltr'>Cluther’</span> <span class='ocrx_word' id='word_1_23' title='bbox 707 1151 801 1195; x_wconf 89' lang='lat' dir='ltr'>conc.</span> <span class='ocrx_word' id='word_1_24' title='bbox 828 1136 863 1194; x_wconf 80' lang='lat' dir='ltr'>et</span> <span class='ocrx_word' id='word_1_25' title='bbox 888 1130 967 1194; x_wconf 91' lang='lat' dir='ltr'>dedi</span> <span class='ocrx_word' id='word_1_26' title='bbox 992 1137 1025 1194; x_wconf 83' lang='lat' dir='ltr'>et</span> <span class='ocrx_word' id='word_1_27' title='bbox 1050 1130 1084 1193; x_wconf 93' lang='lat' dir='ltr'>h.</span> <span class='ocrx_word' id='word_1_28' title='bbox 1111 1151 1143 1213; x_wconf 90' lang='lat' dir='ltr'>p.</span> <span class='ocrx_word' id='word_1_29' title='bbox 1170 1151 1198 1194; x_wconf 95' lang='lat' dir='ltr'>c.</span> <span class='ocrx_word' id='word_1_30' title='bbox 1225 1151 1270 1195; x_wconf 89' lang='lat' dir='ltr'>m.</span> <span class='ocrx_word' id='word_1_31' title='bbox 1297 1130 1387 1194; x_wconf 85' lang='lat' dir='ltr'>conl.</span> 
     </span>
     <span class='ocr_line' id='line_1_5' title="bbox 276 1233 1390 1318; baseline -0.004 -16"><span class='ocrx_word' id='word_1_32' title='bbox 276 1238 350 1302; x_wconf 92' lang='lat' dir='ltr'>Deo</span> <span class='ocrx_word' id='word_1_33' title='bbox 374 1243 408 1301; x_wconf 83' lang='lat' dir='ltr'>et</span> <span class='ocrx_word' id='word_1_34' title='bbox 432 1236 509 1301; x_wconf 88' lang='lat' dir='ltr'>S’co</span> <span class='ocrx_word' id='word_1_35' title='bbox 532 1235 691 1300; x_wconf 85' lang='lat' dir='ltr'>Willrido</span> <span class='ocrx_word' id='word_1_36' title='bbox 714 1241 749 1299; x_wconf 76' lang='lat' dir='ltr'>et</span> <span class='ocrx_word' id='word_1_37' title='bbox 773 1234 902 1299; x_wconf 88' lang='lat' dir='ltr'>Canon.</span> <span class='ocrx_word' id='word_1_38' title='bbox 927 1254 953 1298; x_wconf 90' lang='lat' dir='ltr'>s.</span> <span class='ocrx_word' id='word_1_39' title='bbox 979 1234 1021 1298; x_wconf 93' lang='lat' dir='ltr'>de</span> <span class='ocrx_word' id='word_1_40' title='bbox 1046 1233 1171 1318; x_wconf 87' lang='lat' dir='ltr'>Ripon‘</span> <span class='ocrx_word' id='word_1_41' title='bbox 1197 1234 1231 1298; x_wconf 92' lang='lat' dir='ltr'>in</span> <span class='ocrx_word' id='word_1_42' title='bbox 1255 1255 1329 1318; x_wconf 90' lang='lat' dir='ltr'>pur.</span> <span class='ocrx_word' id='word_1_43' title='bbox 1355 1240 1390 1297; x_wconf 76' lang='lat' dir='ltr'>et</span> 
     </span>
     <span class='ocr_line' id='line_1_6' title="bbox 276 1337 1391 1426; baseline -0.005 -19"><span class='ocrx_word' id='word_1_44' title='bbox 276 1362 370 1426; x_wconf 90' lang='lat' dir='ltr'>perp.</span> <span class='ocrx_word' id='word_1_45' title='bbox 397 1340 619 1405; x_wconf 85' lang='lat' dir='ltr'>elemosinam</span> <span class='ocrx_word' id='word_1_46' title='bbox 646 1359 708 1422; x_wconf 92' lang='lat' dir='ltr'>pro</span> <span class='ocrx_word' id='word_1_47' title='bbox 735 1360 783 1402; x_wconf 89' lang='lat' dir='ltr'>sa.</span> <span class='ocrx_word' id='word_1_48' title='bbox 812 1360 868 1403; x_wconf 86' lang='lat' dir='ltr'>an.</span> <span class='ocrx_word' id='word_1_49' title='bbox 897 1359 942 1402; x_wconf 94' lang='lat' dir='ltr'>m.</span> <span class='ocrx_word' id='word_1_50' title='bbox 969 1344 1003 1401; x_wconf 76' lang='lat' dir='ltr'>et</span> <span class='ocrx_word' id='word_1_51' title='bbox 1030 1344 1195 1402; x_wconf 75' lang='lat' dir='ltr'>antecess</span> <span class='ocrx_word' id='word_1_52' title='bbox 1220 1359 1279 1412; x_wconf 87' lang='lat' dir='ltr'>m.‚</span> <span class='ocrx_word' id='word_1_53' title='bbox 1304 1337 1391 1402; x_wconf 86' lang='lat' dir='ltr'>duas</span> 
     </span>
    </p>
   </div>
   <div class='ocr_carea' id='block_1_5' title="bbox 276 1442 1440 1527">
    <p class='ocr_par' dir='ltr' id='par_1_5' title="bbox 276 1442 1440 1527">
     <span class='ocr_line' id='line_1_7' title="bbox 276 1442 1440 1527; baseline -0.006 -16"><span class='ocrx_word' id='word_1_54' title='bbox 276 1466 372 1511; x_wconf 87' lang='lat' dir='ltr'>acras</span> <span class='ocrx_word' id='word_1_55' title='bbox 396 1451 485 1509; x_wconf 76' lang='lat' dir='ltr'>terre</span> <span class='ocrx_word' id='word_1_56' title='bbox 508 1444 543 1508; x_wconf 90' lang='lat' dir='ltr'>in</span> <span class='ocrx_word' id='word_1_57' title='bbox 567 1464 692 1527; x_wconf 85' lang='lat' dir='ltr'>campo</span> <span class='ocrx_word' id='word_1_58' title='bbox 716 1442 758 1506; x_wconf 89' lang='lat' dir='ltr'>de</span> <span class='ocrx_word' id='word_1_59' title='bbox 782 1442 933 1506; x_wconf 81' lang='lat' dir='ltr'>Cluther’</span> <span class='ocrx_word' id='word_1_60' title='bbox 958 1442 1109 1506; x_wconf 83' lang='lat' dir='ltr'>iacentes</span> <span class='ocrx_word' id='word_1_61' title='bbox 1133 1442 1167 1506; x_wconf 90' lang='lat' dir='ltr'>in</span> <span class='ocrx_word' id='word_1_62' title='bbox 1192 1443 1256 1505; x_wconf 88' lang='lat' dir='ltr'>hiis</span> <span class='ocrx_word' id='word_1_63' title='bbox 1280 1443 1391 1506; x_wconf 76' lang='lat' dir='ltr'>tribus</span> <span class='ocrx_word' id='word_1_64' title='bbox 1436 1465 1440 1471; x_wconf 96' lang='lat'>·</span> 
     </span>
    </p>
   </div>
   <div class='ocr_carea' id='block_1_6' title="bbox 276 1545 1391 1728">
    <p class='ocr_par' dir='ltr' id='par_1_6' title="bbox 276 1545 1391 1728">
     <span class='ocr_line' id='line_1_8' title="bbox 276 1545 1391 1631; baseline -0.005 -16"><span class='ocrx_word' id='word_1_65' title='bbox 276 1550 369 1625; x_wconf 90' lang='lat' dir='ltr'>locis,</span> <span class='ocrx_word' id='word_1_66' title='bbox 392 1549 437 1613; x_wconf 87' lang='lat' dir='ltr'>ad</span> <span class='ocrx_word' id='word_1_67' title='bbox 458 1548 641 1631; x_wconf 82' lang='lat' dir='ltr'>Grauelay,</span> <span class='ocrx_word' id='word_1_68' title='bbox 665 1547 788 1621; x_wconf 81' lang='lat' dir='ltr'>Solete,</span> <span class='ocrx_word' id='word_1_69' title='bbox 812 1552 846 1610; x_wconf 89' lang='lat' dir='ltr'>et</span> <span class='ocrx_word' id='word_1_70' title='bbox 868 1545 912 1610; x_wconf 87' lang='lat' dir='ltr'>ad</span> <span class='ocrx_word' id='word_1_71' title='bbox 935 1546 1121 1621; x_wconf 88' lang='lat' dir='ltr'>Brokland‚</span> <span class='ocrx_word' id='word_1_72' title='bbox 1144 1552 1178 1610; x_wconf 74' lang='lat' dir='ltr'>et</span> <span class='ocrx_word' id='word_1_73' title='bbox 1200 1547 1245 1611; x_wconf 88' lang='lat' dir='ltr'>ad</span> <span class='ocrx_word' id='word_1_74' title='bbox 1266 1545 1391 1610; x_wconf 88' lang='lat' dir='ltr'>Goldo-</span> 
     </span>
     <span class='ocr_line' id='line_1_9' title="bbox 276 1649 1390 1728; baseline -0.004 -10"><span class='ocrx_word' id='word_1_75' title='bbox 276 1655 412 1728; x_wconf 73' lang='lat' dir='ltr'>stickeS,</span> <span class='ocrx_word' id='word_1_76' title='bbox 439 1653 529 1717; x_wconf 76' lang='lat' dir='ltr'>inter</span> <span class='ocrx_word' id='word_1_77' title='bbox 553 1658 680 1715; x_wconf 86' lang='lat' dir='ltr'>terram</span> <span class='ocrx_word' id='word_1_78' title='bbox 706 1651 809 1715; x_wconf 86' lang='lat' dir='ltr'>Will&#39;i</span> <span class='ocrx_word' id='word_1_79' title='bbox 833 1650 879 1714; x_wconf 90' lang='lat' dir='ltr'>fil.</span> <span class='ocrx_word' id='word_1_80' title='bbox 907 1649 980 1714; x_wconf 91' lang='lat' dir='ltr'>Ric.</span> <span class='ocrx_word' id='word_1_81' title='bbox 1008 1656 1042 1713; x_wconf 85' lang='lat' dir='ltr'>et</span> <span class='ocrx_word' id='word_1_82' title='bbox 1067 1656 1194 1714; x_wconf 77' lang='lat' dir='ltr'>terram</span> <span class='ocrx_word' id='word_1_83' title='bbox 1220 1650 1318 1714; x_wconf 86' lang='lat' dir='ltr'>Nicli.</span> <span class='ocrx_word' id='word_1_84' title='bbox 1345 1650 1390 1714; x_wconf 84' lang='lat' dir='ltr'>fil.</span> 
     </span>
    </p>
   </div>
   <div class='ocr_carea' id='block_1_7' title="bbox 276 1754 1391 1944">
    <p class='ocr_par' dir='ltr' id='par_1_7' title="bbox 276 1754 1391 1944">
     <span class='ocr_line' id='line_1_10' title="bbox 276 1754 1391 1839; baseline -0.004 -17"><span class='ocrx_word' id='word_1_85' title='bbox 276 1757 414 1822; x_wconf 89' lang='lat' dir='ltr'>Dolfini.</span> <span class='ocrx_word' id='word_1_86' title='bbox 480 1756 697 1839; x_wconf 70' lang='lat' dir='ltr'>(Warranty).</span> <span class='ocrx_word' id='word_1_87' title='bbox 754 1755 798 1818; x_wconf 89' lang='lat' dir='ltr'>H.</span> <span class='ocrx_word' id='word_1_88' title='bbox 840 1760 865 1819; x_wconf 89' lang='lat' dir='ltr'>t.</span> <span class='ocrx_word' id='word_1_89' title='bbox 906 1754 1083 1837; x_wconf 82' lang='lat' dir='ltr'>Stheph’o,</span> <span class='ocrx_word' id='word_1_90' title='bbox 1124 1754 1248 1829; x_wconf 91' lang='lat' dir='ltr'>Will&#39;o,</span> <span class='ocrx_word' id='word_1_91' title='bbox 1288 1755 1391 1838; x_wconf 83' lang='lat' dir='ltr'>Hug’,</span> 
     </span>
     <span class='ocr_line' id='line_1_11' title="bbox 277 1858 844 1944; baseline -0.005 -18"><span class='ocrx_word' id='word_1_92' title='bbox 277 1861 418 1937; x_wconf 86' lang='lat' dir='ltr'>Gilb’t0,</span> <span class='ocrx_word' id='word_1_93' title='bbox 437 1860 639 1944; x_wconf 78' lang='lat' dir='ltr'>CapellaniS,</span> <span class='ocrx_word' id='word_1_94' title='bbox 660 1862 695 1923; x_wconf 72' lang='lat' dir='ltr'>ei</span> <span class='ocrx_word' id='word_1_95' title='bbox 714 1858 844 1923; x_wconf 81' lang='lat' dir='ltr'>ceteris.</span> 
     </span>
    </p>
   </div>
   <div class='ocr_carea' id='block_1_8' title="bbox 438 2024 1233 2110">
    <p class='ocr_par' dir='ltr' id='par_1_8' title="bbox 438 2024 1233 2110">
     <span class='ocr_line' id='line_1_12' title="bbox 438 2024 1233 2110; baseline 0 -19"><span class='ocrx_word' id='word_1_96' title='bbox 438 2028 526 2110; x_wconf 84' lang='lat'>(147)</span> <span class='ocrx_word' id='word_1_97' title='bbox 553 2027 609 2091; x_wconf 81' lang='lat' dir='ltr'>DE</span> <span class='ocrx_word' id='word_1_98' title='bbox 634 2043 772 2090; x_wconf 76' lang='lat' dir='ltr'>EODEM.</span> <span class='ocrx_word' id='word_1_99' title='bbox 823 2024 946 2106; x_wconf 84' lang='lat' dir='ltr'>(Grant</span> <span class='ocrx_word' id='word_1_100' title='bbox 971 2026 1007 2089; x_wconf 85' lang='lat' dir='ltr'>of</span> <span class='ocrx_word' id='word_1_101' title='bbox 1031 2047 1050 2089; x_wconf 82' lang='lat' dir='ltr'>a</span> <span class='ocrx_word' id='word_1_102' title='bbox 1074 2026 1233 2108; x_wconf 82' lang='lat' dir='ltr'>nativus).</span> 
     </span>
    </p>
   </div>
   <div class='ocr_carea' id='block_1_9' title="bbox 281 2167 1394 2355">
    <p class='ocr_par' dir='ltr' id='par_1_9' title="bbox 281 2167 1394 2355">
     <span class='ocr_line' id='line_1_13' title="bbox 367 2167 1391 2252; baseline -0.003 -18"><span class='ocrx_word' id='word_1_103' title='bbox 367 2170 419 2234; x_wconf 86' lang='lat' dir='ltr'>Sc.</span> <span class='ocrx_word' id='word_1_104' title='bbox 446 2190 538 2234; x_wconf 91' lang='lat' dir='ltr'>omn.</span> <span class='ocrx_word' id='word_1_105' title='bbox 566 2174 639 2232; x_wconf 88' lang='lat' dir='ltr'>tam</span> <span class='ocrx_word' id='word_1_106' title='bbox 664 2188 714 2251; x_wconf 88' lang='lat' dir='ltr'>pr.</span> <span class='ocrx_word' id='word_1_107' title='bbox 741 2188 847 2252; x_wconf 93' lang='lat' dir='ltr'>quam</span> <span class='ocrx_word' id='word_1_108' title='bbox 874 2167 937 2231; x_wconf 84' lang='lat' dir='ltr'>lut.</span> <span class='ocrx_word' id='word_1_109' title='bbox 965 2167 1059 2251; x_wconf 92' lang='lat' dir='ltr'>quod</span> <span class='ocrx_word' id='word_1_110' title='bbox 1084 2188 1146 2252; x_wconf 89' lang='lat' dir='ltr'>ego</span> <span class='ocrx_word' id='word_1_111' title='bbox 1172 2167 1321 2232; x_wconf 74' lang='lat' dir='ltr'>Rob&#39;lus</span> <span class='ocrx_word' id='word_1_112' title='bbox 1346 2168 1391 2232; x_wconf 93' lang='lat' dir='ltr'>fil.</span> 
     </span>
     <span class='ocr_line' id='line_1_14' title="bbox 281 2271 1394 2355; baseline -0.003 -16"><span class='ocrx_word' id='word_1_113' title='bbox 281 2276 386 2339; x_wconf 91' lang='lat' dir='ltr'>Henr.</span> <span class='ocrx_word' id='word_1_114' title='bbox 415 2274 458 2337; x_wconf 88' lang='lat' dir='ltr'>de</span> <span class='ocrx_word' id='word_1_115' title='bbox 491 2273 656 2355; x_wconf 83' lang='lat' dir='ltr'>Stauelay</span> <span class='ocrx_word' id='word_1_116' title='bbox 679 2272 829 2336; x_wconf 87' lang='lat' dir='ltr'>concessi</span> <span class='ocrx_word' id='word_1_117' title='bbox 855 2291 895 2335; x_wconf 89' lang='lat' dir='ltr'>ac</span> <span class='ocrx_word' id='word_1_118' title='bbox 918 2271 988 2355; x_wconf 92' lang='lat' dir='ltr'>qui.</span> <span class='ocrx_word' id='word_1_119' title='bbox 1022 2272 1084 2336; x_wconf 89' lang='lat' dir='ltr'>cla.</span> <span class='ocrx_word' id='word_1_120' title='bbox 1118 2271 1192 2335; x_wconf 91' lang='lat' dir='ltr'>Deo</span> <span class='ocrx_word' id='word_1_121' title='bbox 1224 2278 1258 2335; x_wconf 90' lang='lat' dir='ltr'>et</span> <span class='ocrx_word' id='word_1_122' title='bbox 1290 2274 1394 2336; x_wconf 83' lang='lat' dir='ltr'>beato</span> 
     </span>
    </p>
   </div>
   <div class='ocr_carea' id='block_1_10' title="bbox 280 2376 1482 2460">
    <p class='ocr_par' dir='ltr' id='par_1_10' title="bbox 280 2376 1482 2460">
     <span class='ocr_line' id='line_1_15' title="bbox 280 2376 1482 2460; baseline -0.002 -17"><span class='ocrx_word' id='word_1_123' title='bbox 280 2378 448 2452; x_wconf 85' lang='lat' dir='ltr'>Wilfrid0,</span> <span class='ocrx_word' id='word_1_124' title='bbox 473 2377 601 2441; x_wconf 78' lang='lat' dir='ltr'>Will&#39;m</span> <span class='ocrx_word' id='word_1_125' title='bbox 626 2376 671 2441; x_wconf 89' lang='lat' dir='ltr'>fil.</span> <span class='ocrx_word' id='word_1_126' title='bbox 701 2376 861 2459; x_wconf 91' lang='lat' dir='ltr'>Liholphi</span> <span class='ocrx_word' id='word_1_127' title='bbox 890 2396 968 2440; x_wconf 91' lang='lat' dir='ltr'>cum</span> <span class='ocrx_word' id='word_1_128' title='bbox 998 2382 1074 2440; x_wconf 84' lang='lat' dir='ltr'>tota</span> <span class='ocrx_word' id='word_1_129' title='bbox 1102 2377 1238 2460; x_wconf 83' lang='lat' dir='ltr'>sequela</span> <span class='ocrx_word' id='word_1_130' title='bbox 1269 2397 1330 2440; x_wconf 86' lang='lat' dir='ltr'>sua</span> <span class='ocrx_word' id='word_1_131' title='bbox 1360 2383 1394 2440; x_wconf 89' lang='lat' dir='ltr'>et</span> <span class='ocrx_word' id='word_1_132' title='bbox 1475 2412 1482 2426; x_wconf 52' lang='grc' dir='ltr'><em>ι</em></span> 
     </span>
    </p>
   </div>
   <div class='ocr_carea' id='block_1_11' title="bbox 279 2480 1394 3086">
    <p class='ocr_par' dir='ltr' id='par_1_11' title="bbox 279 2480 1394 3086">
     <span class='ocr_line' id='line_1_16' title="bbox 279 2480 1394 2566; baseline -0.003 -18"><span class='ocrx_word' id='word_1_133' title='bbox 279 2485 380 2547; x_wconf 89' lang='lat' dir='ltr'>rebus</span> <span class='ocrx_word' id='word_1_134' title='bbox 397 2488 432 2546; x_wconf 88' lang='lat' dir='ltr'>et</span> <span class='ocrx_word' id='word_1_135' title='bbox 448 2480 582 2545; x_wconf 86' lang='lat' dir='ltr'>catallis</span> <span class='ocrx_word' id='word_1_136' title='bbox 598 2501 624 2545; x_wconf 91' lang='lat' dir='ltr'>s.</span> <span class='ocrx_word' id='word_1_137' title='bbox 643 2480 685 2543; x_wconf 90' lang='lat' dir='ltr'>de</span> <span class='ocrx_word' id='word_1_138' title='bbox 705 2501 759 2544; x_wconf 84' lang='lat' dir='ltr'>me</span> <span class='ocrx_word' id='word_1_139' title='bbox 779 2486 813 2543; x_wconf 84' lang='lat' dir='ltr'>et</span> <span class='ocrx_word' id='word_1_140' title='bbox 835 2481 905 2543; x_wconf 91' lang='lat' dir='ltr'>her.</span> <span class='ocrx_word' id='word_1_141' title='bbox 924 2501 969 2544; x_wconf 96' lang='lat' dir='ltr'>m.</span> <span class='ocrx_word' id='word_1_142' title='bbox 988 2480 1022 2544; x_wconf 94' lang='lat' dir='ltr'>in</span> <span class='ocrx_word' id='word_1_143' title='bbox 1040 2500 1133 2563; x_wconf 92' lang='lat' dir='ltr'>perp.</span> <span class='ocrx_word' id='word_1_144' title='bbox 1153 2480 1201 2545; x_wconf 75' lang='lat' dir='ltr'>ita</span> <span class='ocrx_word' id='word_1_145' title='bbox 1221 2481 1316 2566; x_wconf 91' lang='lat' dir='ltr'>quod</span> <span class='ocrx_word' id='word_1_146' title='bbox 1332 2502 1394 2545; x_wconf 90' lang='lat' dir='ltr'>nec</span> 
     </span>
     <span class='ocr_line' id='line_1_17' title="bbox 280 2584 1391 2673; baseline -0.001 -22"><span class='ocrx_word' id='word_1_147' title='bbox 280 2607 342 2673; x_wconf 86' lang='lat' dir='ltr'>ego</span> <span class='ocrx_word' id='word_1_148' title='bbox 361 2606 424 2651; x_wconf 90' lang='lat' dir='ltr'>nec</span> <span class='ocrx_word' id='word_1_149' title='bbox 443 2586 513 2649; x_wconf 92' lang='lat' dir='ltr'>her.</span> <span class='ocrx_word' id='word_1_150' title='bbox 536 2605 581 2649; x_wconf 90' lang='lat' dir='ltr'>m.</span> <span class='ocrx_word' id='word_1_151' title='bbox 604 2584 729 2648; x_wconf 82' lang='lat' dir='ltr'>amodo</span> <span class='ocrx_word' id='word_1_152' title='bbox 749 2584 984 2667; x_wconf 84' lang='lat' dir='ltr'>calumpniam</span> <span class='ocrx_word' id='word_1_153' title='bbox 1005 2585 1059 2648; x_wconf 91' lang='lat' dir='ltr'>vel</span> <span class='ocrx_word' id='word_1_154' title='bbox 1079 2585 1242 2649; x_wconf 89' lang='lat' dir='ltr'>clamium</span> <span class='ocrx_word' id='word_1_155' title='bbox 1262 2585 1296 2649; x_wconf 95' lang='lat' dir='ltr'>in</span> <span class='ocrx_word' id='word_1_156' title='bbox 1317 2586 1391 2650; x_wconf 89' lang='lat' dir='ltr'>eod.</span> 
     </span>
     <span class='ocr_line' id='line_1_18' title="bbox 279 2689 1393 2773; baseline -0.001 -18"><span class='ocrx_word' id='word_1_157' title='bbox 279 2690 393 2756; x_wconf 90' lang='lat' dir='ltr'>Will&#39;o</span> <span class='ocrx_word' id='word_1_158' title='bbox 411 2695 446 2754; x_wconf 87' lang='lat' dir='ltr'>et</span> <span class='ocrx_word' id='word_1_159' title='bbox 463 2710 533 2773; x_wconf 89' lang='lat' dir='ltr'>seq.</span> <span class='ocrx_word' id='word_1_160' title='bbox 553 2709 615 2753; x_wconf 89' lang='lat' dir='ltr'>sua</span> <span class='ocrx_word' id='word_1_161' title='bbox 633 2695 668 2753; x_wconf 76' lang='lat' dir='ltr'>et</span> <span class='ocrx_word' id='word_1_162' title='bbox 686 2695 753 2752; x_wconf 87' lang='lat' dir='ltr'>cat.</span> <span class='ocrx_word' id='word_1_163' title='bbox 772 2709 798 2752; x_wconf 80' lang='lat' dir='ltr'>s,</span> <span class='ocrx_word' id='word_1_164' title='bbox 818 2689 1045 2763; x_wconf 72' lang='lat' dir='ltr'>mouebimus</span> <span class='ocrx_word' id='word_1_165' title='bbox 1065 2695 1099 2752; x_wconf 84' lang='lat' dir='ltr'>et</span> <span class='ocrx_word' id='word_1_166' title='bbox 1117 2689 1294 2754; x_wconf 88' lang='lat' dir='ltr'>sciendum</span> <span class='ocrx_word' id='word_1_167' title='bbox 1312 2711 1393 2754; x_wconf 88' lang='lat' dir='ltr'>vero</span> 
     </span>
     <span class='ocr_line' id='line_1_19' title="bbox 279 2792 1394 2881; baseline -0.001 -21"><span class='ocrx_word' id='word_1_168' title='bbox 279 2795 373 2881; x_wconf 90' lang='lat' dir='ltr'>quod</span> <span class='ocrx_word' id='word_1_169' title='bbox 391 2815 453 2879; x_wconf 93' lang='lat' dir='ltr'>pro</span> <span class='ocrx_word' id='word_1_170' title='bbox 469 2794 534 2860; x_wconf 87' lang='lat' dir='ltr'>hac</span> <span class='ocrx_word' id='word_1_171' title='bbox 550 2793 620 2878; x_wconf 90' lang='lat' dir='ltr'>qui.</span> <span class='ocrx_word' id='word_1_172' title='bbox 638 2793 701 2858; x_wconf 91' lang='lat' dir='ltr'>cla.</span> <span class='ocrx_word' id='word_1_173' title='bbox 720 2792 883 2858; x_wconf 90' lang='lat' dir='ltr'>Canonici</span> <span class='ocrx_word' id='word_1_174' title='bbox 901 2793 942 2858; x_wconf 96' lang='lat' dir='ltr'>de</span> <span class='ocrx_word' id='word_1_175' title='bbox 961 2792 1085 2878; x_wconf 89' lang='lat' dir='ltr'>Ripon&#39;</span> <span class='ocrx_word' id='word_1_176' title='bbox 1104 2793 1273 2860; x_wconf 89' lang='lat' dir='ltr'>dederunt</span> <span class='ocrx_word' id='word_1_177' title='bbox 1290 2795 1394 2859; x_wconf 90' lang='lat' dir='ltr'>michi</span> 
     </span>
     <span class='ocr_line' id='line_1_20' title="bbox 279 2898 1391 2984; baseline 0 -20"><span class='ocrx_word' id='word_1_178' title='bbox 279 2901 315 2964; x_wconf 94' lang='lat' dir='ltr'>in</span> <span class='ocrx_word' id='word_1_179' title='bbox 336 2918 462 2984; x_wconf 89' lang='lat' dir='ltr'>magno</span> <span class='ocrx_word' id='word_1_180' title='bbox 482 2899 623 2984; x_wconf 85' lang='lat' dir='ltr'>negocio</span> <span class='ocrx_word' id='word_1_181' title='bbox 644 2918 721 2962; x_wconf 90' lang='lat' dir='ltr'>meo</span> <span class='ocrx_word' id='word_1_182' title='bbox 742 2898 828 2961; x_wconf 86' lang='lat' dir='ltr'>duas</span> <span class='ocrx_word' id='word_1_183' title='bbox 845 2918 979 2961; x_wconf 82' lang='lat' dir='ltr'>marcas</span> <span class='ocrx_word' id='word_1_184' title='bbox 995 2904 1030 2962; x_wconf 84' lang='lat' dir='ltr'>et</span> <span class='ocrx_word' id='word_1_185' title='bbox 1048 2898 1227 2963; x_wconf 83' lang='lat' dir='ltr'>dimidiam</span> <span class='ocrx_word' id='word_1_186' title='bbox 1249 2900 1391 2984; x_wconf 83' lang='lat' dir='ltr'>argenti.</span> 
     </span>
     <span class='ocr_line' id='line_1_21' title="bbox 282 3002 997 3086; baseline -0.003 -18"><span class='ocrx_word' id='word_1_187' title='bbox 282 3006 327 3069; x_wconf 91' lang='lat' dir='ltr'>H.</span> <span class='ocrx_word' id='word_1_188' title='bbox 349 3010 374 3069; x_wconf 79' lang='lat' dir='ltr'>t.</span> <span class='ocrx_word' id='word_1_189' title='bbox 396 3003 534 3067; x_wconf 88' lang='lat' dir='ltr'>Simone</span> <span class='ocrx_word' id='word_1_190' title='bbox 554 3003 596 3066; x_wconf 89' lang='lat' dir='ltr'>de</span> <span class='ocrx_word' id='word_1_191' title='bbox 615 3003 793 3086; x_wconf 86' lang='lat' dir='ltr'>Coruburg</span> <span class='ocrx_word' id='word_1_192' title='bbox 812 3007 846 3065; x_wconf 86' lang='lat' dir='ltr'>et</span> <span class='ocrx_word' id='word_1_193' title='bbox 866 3002 997 3066; x_wconf 84' lang='lat' dir='ltr'>ceteris.</span> 
     </span>
    </p>
   </div>
   <div class='ocr_carea' id='block_1_12' title="bbox 279 3166 1241 3253">
    <p class='ocr_par' dir='ltr' id='par_1_12' title="bbox 279 3166 1241 3253">
     <span class='ocr_line' id='line_1_22' title="bbox 279 3166 1241 3253; baseline 0.002 -22"><span class='ocrx_word' id='word_1_194' title='bbox 279 3183 320 3248; x_wconf 85' lang='lat'>44</span> <span class='ocrx_word' id='word_1_195' title='bbox 340 3188 371 3232; x_wconf 88' lang='lat' dir='ltr'>v.</span> <span class='ocrx_word' id='word_1_196' title='bbox 458 3168 546 3253; x_wconf 82' lang='lat'>(148)</span> <span class='ocrx_word' id='word_1_197' title='bbox 574 3168 630 3232; x_wconf 74' lang='lat' dir='ltr'>DE</span> <span class='ocrx_word' id='word_1_198' title='bbox 654 3185 781 3232; x_wconf 73' lang='lat' dir='ltr'>nonen</span> <span class='ocrx_word' id='word_1_199' title='bbox 809 3166 932 3250; x_wconf 65' lang='lat' dir='ltr'>(Grani</span> <span class='ocrx_word' id='word_1_200' title='bbox 957 3174 993 3231; x_wconf 84' lang='lat' dir='ltr'>to</span> <span class='ocrx_word' id='word_1_201' title='bbox 1018 3169 1077 3232; x_wconf 84' lang='lat' dir='ltr'>the</span> <span class='ocrx_word' id='word_1_202' title='bbox 1101 3169 1241 3253; x_wconf 81' lang='lat' dir='ltr'>fabric).</span> 
     </span>
    </p>
   </div>
   <div class='ocr_carea' id='block_1_13' title="bbox 281 3309 1598 3499">
    <p class='ocr_par' dir='ltr' id='par_1_13' title="bbox 281 3309 1598 3499">
     <span class='ocr_line' id='line_1_23' title="bbox 369 3309 1598 3394; baseline -0.002 -19"><span class='ocrx_word' id='word_1_203' title='bbox 369 3310 421 3375; x_wconf 86' lang='lat' dir='ltr'>Sc.</span> <span class='ocrx_word' id='word_1_204' title='bbox 442 3330 493 3393; x_wconf 89' lang='lat' dir='ltr'>pr.</span> <span class='ocrx_word' id='word_1_205' title='bbox 515 3315 550 3373; x_wconf 85' lang='lat' dir='ltr'>et</span> <span class='ocrx_word' id='word_1_206' title='bbox 570 3309 634 3373; x_wconf 82' lang='lat' dir='ltr'>fut.</span> <span class='ocrx_word' id='word_1_207' title='bbox 656 3310 751 3393; x_wconf 91' lang='lat' dir='ltr'>quod</span> <span class='ocrx_word' id='word_1_208' title='bbox 771 3330 833 3394; x_wconf 89' lang='lat' dir='ltr'>ego</span> <span class='ocrx_word' id='word_1_209' title='bbox 854 3310 984 3374; x_wconf 83' lang='lat' dir='ltr'>Alanus</span> <span class='ocrx_word' id='word_1_210' title='bbox 1004 3310 1049 3375; x_wconf 88' lang='lat' dir='ltr'>fil.</span> <span class='ocrx_word' id='word_1_211' title='bbox 1073 3310 1174 3375; x_wconf 88' lang='lat' dir='ltr'>Rob&#39;i</span> <span class='ocrx_word' id='word_1_212' title='bbox 1195 3311 1237 3375; x_wconf 91' lang='lat' dir='ltr'>de</span> <span class='ocrx_word' id='word_1_213' title='bbox 1258 3312 1392 3377; x_wconf 83' lang='lat' dir='ltr'>Norton</span> <span class='ocrx_word' id='word_1_214' title='bbox 1407 3328 1429 3363; x_wconf 82' lang='lat'>0·</span> <span class='ocrx_word' id='word_1_215' title='bbox 1443 3315 1598 3373; x_wconf 81' lang='lat'>¹216-1240</span> 
     </span>
     <span class='ocr_line' id='line_1_24' title="bbox 281 3406 1580 3499; baseline -0.002 -20"><span class='ocrx_word' id='word_1_216' title='bbox 281 3435 375 3479; x_wconf 90' lang='lat' dir='ltr'>conc.</span> <span class='ocrx_word' id='word_1_217' title='bbox 395 3421 429 3478; x_wconf 84' lang='lat' dir='ltr'>et</span> <span class='ocrx_word' id='word_1_218' title='bbox 447 3414 481 3478; x_wconf 91' lang='lat' dir='ltr'>h.</span> <span class='ocrx_word' id='word_1_219' title='bbox 501 3434 533 3497; x_wconf 92' lang='lat' dir='ltr'>p.</span> <span class='ocrx_word' id='word_1_220' title='bbox 553 3434 581 3478; x_wconf 88' lang='lat' dir='ltr'>c.</span> <span class='ocrx_word' id='word_1_221' title='bbox 601 3435 646 3478; x_wconf 96' lang='lat' dir='ltr'>m.</span> <span class='ocrx_word' id='word_1_222' title='bbox 666 3414 755 3477; x_wconf 89' lang='lat' dir='ltr'>conf.</span> <span class='ocrx_word' id='word_1_223' title='bbox 776 3414 870 3497; x_wconf 88' lang='lat' dir='ltr'>operi</span> <span class='ocrx_word' id='word_1_224' title='bbox 888 3415 1026 3478; x_wconf 88' lang='lat' dir='ltr'>ecclesie</span> <span class='ocrx_word' id='word_1_225' title='bbox 1044 3415 1086 3479; x_wconf 91' lang='lat' dir='ltr'>de</span> <span class='ocrx_word' id='word_1_226' title='bbox 1105 3415 1219 3499; x_wconf 90' lang='lat' dir='ltr'>Ripon</span> <span class='ocrx_word' id='word_1_227' title='bbox 1237 3437 1297 3480; x_wconf 86' lang='lat' dir='ltr'>sex</span> <span class='ocrx_word' id='word_1_228' title='bbox 1314 3417 1391 3481; x_wconf 88' lang='lat' dir='ltr'>den.</span> <span class='ocrx_word' id='word_1_229' title='bbox 1438 3406 1580 3467; x_wconf 74' lang='lat' dir='ltr'>(meditus</span> 
     </span>
    </p>
   </div>
   <div class='ocr_carea' id='block_1_14' title="bbox 281 3518 1394 3605">
    <p class='ocr_par' dir='ltr' id='par_1_14' title="bbox 281 3518 1394 3605">
     <span class='ocr_line' id='line_1_25' title="bbox 281 3518 1394 3605; baseline 0.003 -23"><span class='ocrx_word' id='word_1_230' title='bbox 281 3518 463 3583; x_wconf 76' lang='lat' dir='ltr'>annuatim</span> <span class='ocrx_word' id='word_1_231' title='bbox 480 3518 522 3581; x_wconf 91' lang='lat' dir='ltr'>de</span> <span class='ocrx_word' id='word_1_232' title='bbox 539 3538 594 3581; x_wconf 91' lang='lat' dir='ltr'>me</span> <span class='ocrx_word' id='word_1_233' title='bbox 611 3524 645 3581; x_wconf 85' lang='lat' dir='ltr'>et</span> <span class='ocrx_word' id='word_1_234' title='bbox 662 3518 732 3582; x_wconf 91' lang='lat' dir='ltr'>her.</span> <span class='ocrx_word' id='word_1_235' title='bbox 751 3539 795 3581; x_wconf 95' lang='lat' dir='ltr'>m.</span> <span class='ocrx_word' id='word_1_236' title='bbox 815 3518 860 3581; x_wconf 89' lang='lat' dir='ltr'>ad</span> <span class='ocrx_word' id='word_1_237' title='bbox 878 3518 975 3582; x_wconf 83' lang='lat' dir='ltr'>Pent.</span> <span class='ocrx_word' id='word_1_238' title='bbox 994 3519 1205 3603; x_wconf 89' lang='lat' dir='ltr'>recipiendos</span> <span class='ocrx_word' id='word_1_239' title='bbox 1222 3521 1264 3584; x_wconf 91' lang='lat' dir='ltr'>de</span> <span class='ocrx_word' id='word_1_240' title='bbox 1281 3522 1394 3605; x_wconf 76' lang='lat' dir='ltr'>capite</span> 
     </span>
    </p>
   </div>
   <div class='ocr_carea' id='block_1_15' title="bbox 1452 3473 1562 3522">
    <p class='ocr_par' dir='ltr' id='par_1_15' title="bbox 1452 3473 1562 3522">
     <span class='ocr_line' id='line_1_26' title="bbox 1452 3473 1562 3522; baseline -0.009 0"><span class='ocrx_word' id='word_1_241' title='bbox 1452 3473 1562 3522; x_wconf 78' lang='lat' dir='ltr'>fabrice.</span> 
     </span>
    </p>
   </div>
   <div class='ocr_carea' id='block_1_16' title="bbox 281 3621 1521 3713">
    <p class='ocr_par' dir='ltr' id='par_1_16' title="bbox 281 3621 1521 3713">
     <span class='ocr_line' id='line_1_27' title="bbox 281 3621 1521 3713; baseline 0.002 -26"><span class='ocrx_word' id='word_1_242' title='bbox 281 3629 410 3697; x_wconf 89' lang='lat' dir='ltr'>nostr0,</span> <span class='ocrx_word' id='word_1_243' title='bbox 439 3623 489 3686; x_wconf 76' lang='lat' dir='ltr'>ita</span> <span class='ocrx_word' id='word_1_244' title='bbox 517 3622 612 3706; x_wconf 93' lang='lat' dir='ltr'>quod</span> <span class='ocrx_word' id='word_1_245' title='bbox 639 3621 667 3684; x_wconf 88' lang='lat' dir='ltr'>si</span> <span class='ocrx_word' id='word_1_246' title='bbox 696 3622 784 3685; x_wconf 84' lang='lat' dir='ltr'>forte</span> <span class='ocrx_word' id='word_1_247' title='bbox 812 3623 1022 3686; x_wconf 86' lang='lat' dir='ltr'>cessauerint</span> <span class='ocrx_word' id='word_1_248' title='bbox 1050 3644 1070 3687; x_wconf 94' lang='lat' dir='ltr'>a</span> <span class='ocrx_word' id='word_1_249' title='bbox 1098 3624 1192 3707; x_wconf 89' lang='lat' dir='ltr'>pred.</span> <span class='ocrx_word' id='word_1_250' title='bbox 1222 3626 1395 3690; x_wconf 83' lang='lat' dir='ltr'>solucione</span> <span class='ocrx_word' id='word_1_251' title='bbox 1517 3707 1521 3713; x_wconf 90' lang='lat'>.</span> 
     </span>
    </p>
   </div>
   <div class='ocr_carea' id='block_1_17' title="bbox 263 3725 1395 4018">
    <p class='ocr_par' dir='ltr' id='par_1_17' title="bbox 263 3725 1395 4018">
     <span class='ocr_line' id='line_1_28' title="bbox 263 3725 1395 3812; baseline 0.003 -21"><span class='ocrx_word' id='word_1_252' title='bbox 263 3726 480 3812; x_wconf 35' lang='lat' dir='ltr'>,Capitulum</span> <span class='ocrx_word' id='word_1_253' title='bbox 507 3725 632 3809; x_wconf 90' lang='lat' dir='ltr'>Ripon’</span> <span class='ocrx_word' id='word_1_254' title='bbox 659 3726 787 3809; x_wconf 83' lang='lat' dir='ltr'>poterit</span> <span class='ocrx_word' id='word_1_255' title='bbox 813 3747 874 3810; x_wconf 88' lang='lat' dir='ltr'>per</span> <span class='ocrx_word' id='word_1_256' title='bbox 898 3747 1041 3811; x_wconf 89' lang='lat' dir='ltr'>corpora</span> <span class='ocrx_word' id='word_1_257' title='bbox 1066 3733 1101 3791; x_wconf 87' lang='lat' dir='ltr'>et</span> <span class='ocrx_word' id='word_1_258' title='bbox 1126 3728 1252 3793; x_wconf 76' lang='lat' dir='ltr'>catalla</span> <span class='ocrx_word' id='word_1_259' title='bbox 1276 3736 1395 3794; x_wconf 84' lang='lat' dir='ltr'>nostra</span> 
     </span>
     <span class='ocr_line' id='line_1_29' title="bbox 281 3830 1394 3916; baseline 0.002 -20"><span class='ocrx_word' id='word_1_260' title='bbox 281 3838 449 3916; x_wconf 89' lang='lat' dir='ltr'>tanquam</span> <span class='ocrx_word' id='word_1_261' title='bbox 467 3830 666 3894; x_wconf 86' lang='lat' dir='ltr'>natiuorum</span> <span class='ocrx_word' id='word_1_262' title='bbox 682 3850 822 3894; x_wconf 90' lang='lat' dir='ltr'>suorum</span> <span class='ocrx_word' id='word_1_263' title='bbox 839 3851 902 3894; x_wconf 89' lang='lat' dir='ltr'>nos</span> <span class='ocrx_word' id='word_1_264' title='bbox 918 3831 1120 3915; x_wconf 90' lang='lat' dir='ltr'>compellere</span> <span class='ocrx_word' id='word_1_265' title='bbox 1139 3832 1184 3896; x_wconf 93' lang='lat' dir='ltr'>ad</span> <span class='ocrx_word' id='word_1_266' title='bbox 1203 3834 1394 3916; x_wconf 76' lang='lat' dir='ltr'>predictam</span> 
     </span>
     <span class='ocr_line' id='line_1_30' title="bbox 281 3933 1322 4018; baseline 0.003 -19"><span class='ocrx_word' id='word_1_267' title='bbox 281 3935 417 3999; x_wconf 88' lang='lat' dir='ltr'>firmam</span> <span class='ocrx_word' id='word_1_268' title='bbox 436 3934 709 4018; x_wconf 85' lang='lat' dir='ltr'>persoluendam.</span> <span class='ocrx_word' id='word_1_269' title='bbox 758 3935 801 3998; x_wconf 95' lang='lat' dir='ltr'>H.</span> <span class='ocrx_word' id='word_1_270' title='bbox 823 3941 848 3998; x_wconf 86' lang='lat' dir='ltr'>t.</span> <span class='ocrx_word' id='word_1_271' title='bbox 870 3933 909 3999; x_wconf 93' lang='lat' dir='ltr'>G.</span> <span class='ocrx_word' id='word_1_272' title='bbox 931 3935 973 3999; x_wconf 89' lang='lat' dir='ltr'>de</span> <span class='ocrx_word' id='word_1_273' title='bbox 992 3935 1121 4000; x_wconf 88' lang='lat' dir='ltr'>Larder</span> <span class='ocrx_word' id='word_1_274' title='bbox 1139 3942 1173 3999; x_wconf 76' lang='lat' dir='ltr'>et</span> <span class='ocrx_word' id='word_1_275' title='bbox 1192 3938 1322 4003; x_wconf 81' lang='lat' dir='ltr'>ceteris.</span> 
     </span>
    </p>
   </div>
   <div class='ocr_carea' id='block_1_18' title="bbox 284 4100 1492 4289">
    <p class='ocr_par' dir='ltr' id='par_1_18' title="bbox 284 4100 1492 4289">
     <span class='ocr_line' id='line_1_31' title="bbox 284 4100 1492 4202; baseline 0.005 -37"><span class='ocrx_word' id='word_1_276' title='bbox 284 4102 372 4185; x_wconf 84' lang='lat'>(149)</span> <span class='ocrx_word' id='word_1_277' title='bbox 406 4102 462 4166; x_wconf 79' lang='lat' dir='ltr'>DE</span> <span class='ocrx_word' id='word_1_278' title='bbox 493 4118 631 4165; x_wconf 81' lang='lat' dir='ltr'>EODEM.</span> <span class='ocrx_word' id='word_1_279' title='bbox 682 4100 804 4183; x_wconf 87' lang='lat' dir='ltr'>(Grant</span> <span class='ocrx_word' id='word_1_280' title='bbox 835 4101 872 4165; x_wconf 87' lang='lat' dir='ltr'>of</span> <span class='ocrx_word' id='word_1_281' title='bbox 901 4122 921 4165; x_wconf 89' lang='lat' dir='ltr'>a</span> <span class='ocrx_word' id='word_1_282' title='bbox 951 4103 1167 4187; x_wconf 77' lang='lat' dir='ltr'>rentcharge</span> <span class='ocrx_word' id='word_1_283' title='bbox 1197 4105 1232 4169; x_wconf 92' lang='lat' dir='ltr'>in</span> <span class='ocrx_word' id='word_1_284' title='bbox 1262 4105 1329 4170; x_wconf 92' lang='lat' dir='ltr'>lieu</span> <span class='ocrx_word' id='word_1_285' title='bbox 1359 4107 1395 4171; x_wconf 86' lang='lat' dir='ltr'>ol</span> <span class='ocrx_word' id='word_1_286' title='bbox 1486 4193 1492 4202; x_wconf 27' lang='grc' dir='ltr'>ι</span> 
     </span>
     <span class='ocr_line' id='line_1_32' title="bbox 325 4206 479 4289; baseline 0 -19"><span class='ocrx_word' id='word_1_287' title='bbox 325 4206 479 4289; x_wconf 86' lang='lat' dir='ltr'>service).</span> 
     </span>
    </p>
   </div>
   <div class='ocr_carea' id='block_1_19' title="bbox 282 4335 1600 4525">
    <p class='ocr_par' dir='ltr' id='par_1_19' title="bbox 282 4335 1600 4525">
     <span class='ocr_line' id='line_1_33' title="bbox 369 4335 1600 4419; baseline 0.005 -19"><span class='ocrx_word' id='word_1_288' title='bbox 369 4335 471 4400; x_wconf 92' lang='lat' dir='ltr'>Omn.</span> <span class='ocrx_word' id='word_1_289' title='bbox 497 4335 540 4399; x_wconf 89' lang='lat' dir='ltr'>ad</span> <span class='ocrx_word' id='word_1_290' title='bbox 565 4355 653 4419; x_wconf 87' lang='lat' dir='ltr'>quos</span> <span class='ocrx_word' id='word_1_291' title='bbox 676 4355 726 4418; x_wconf 91' lang='lat' dir='ltr'>pr.</span> <span class='ocrx_word' id='word_1_292' title='bbox 752 4355 814 4400; x_wconf 87' lang='lat' dir='ltr'>scr.</span> <span class='ocrx_word' id='word_1_293' title='bbox 834 4337 1038 4419; x_wconf 88' lang='lat' dir='ltr'>peruenerit,</span> <span class='ocrx_word' id='word_1_294' title='bbox 1057 4337 1165 4402; x_wconf 85' lang='lat' dir='ltr'>Alicia</span> <span class='ocrx_word' id='word_1_295' title='bbox 1181 4337 1251 4403; x_wconf 85' lang='lat' dir='ltr'>lilia</span> <span class='ocrx_word' id='word_1_296' title='bbox 1269 4339 1395 4405; x_wconf 82' lang='lat' dir='ltr'>Ketelli</span> <span class='ocrx_word' id='word_1_297' title='bbox 1408 4361 1430 4395; x_wconf 86' lang='lat' dir='ltr'>c·</span> <span class='ocrx_word' id='word_1_298' title='bbox 1445 4346 1600 4406; x_wconf 49' lang='lat'>12141240</span> 
     </span>
     <span class='ocr_line' id='line_1_34' title="bbox 282 4437 1571 4525; baseline -0.003 -21"><span class='ocrx_word' id='word_1_299' title='bbox 282 4440 325 4504; x_wconf 88' lang='lat' dir='ltr'>de</span> <span class='ocrx_word' id='word_1_300' title='bbox 343 4439 482 4523; x_wconf 91' lang='lat' dir='ltr'>Ripon&#39;,</span> <span class='ocrx_word' id='word_1_301' title='bbox 501 4460 549 4504; x_wconf 89' lang='lat' dir='ltr'>sa.</span> <span class='ocrx_word' id='word_1_302' title='bbox 598 4439 649 4504; x_wconf 85' lang='lat' dir='ltr'>Sc.</span> <span class='ocrx_word' id='word_1_303' title='bbox 670 4460 724 4504; x_wconf 92' lang='lat' dir='ltr'>me</span> <span class='ocrx_word' id='word_1_304' title='bbox 742 4440 819 4504; x_wconf 89' lang='lat' dir='ltr'>ded.</span> <span class='ocrx_word' id='word_1_305' title='bbox 839 4461 933 4504; x_wconf 91' lang='lat' dir='ltr'>conc.</span> <span class='ocrx_word' id='word_1_306' title='bbox 954 4447 1039 4525; x_wconf 83' lang='lat' dir='ltr'>etp.</span> <span class='ocrx_word' id='word_1_307' title='bbox 1059 4462 1088 4506; x_wconf 90' lang='lat' dir='ltr'>c.</span> <span class='ocrx_word' id='word_1_308' title='bbox 1108 4463 1152 4506; x_wconf 92' lang='lat' dir='ltr'>m.</span> <span class='ocrx_word' id='word_1_309' title='bbox 1173 4444 1261 4508; x_wconf 84' lang='lat' dir='ltr'>conl.</span> <span class='ocrx_word' id='word_1_310' title='bbox 1282 4444 1396 4509; x_wconf 89' lang='lat' dir='ltr'>Will’o</span> <span class='ocrx_word' id='word_1_311' title='bbox 1451 4437 1571 4501; x_wconf 72' lang='lat' dir='ltr'>Rypon’.</span> 
     </span>
    </p>
   </div>
   <div class='ocr_carea' id='block_1_20' title="bbox 281 4544 1396 4737">
    <p class='ocr_par' dir='ltr' id='par_1_20' title="bbox 281 4544 1396 4737">
     <span class='ocr_line' id='line_1_35' title="bbox 281 4544 1395 4632; baseline 0.005 -24"><span class='ocrx_word' id='word_1_312' title='bbox 281 4544 352 4608; x_wconf 89' lang='lat' dir='ltr'>filio</span> <span class='ocrx_word' id='word_1_313' title='bbox 386 4564 463 4608; x_wconf 90' lang='lat' dir='ltr'>meo</span> <span class='ocrx_word' id='word_1_314' title='bbox 498 4549 532 4608; x_wconf 79' lang='lat' dir='ltr'>et</span> <span class='ocrx_word' id='word_1_315' title='bbox 567 4544 771 4628; x_wconf 89' lang='lat' dir='ltr'>cuicumque</span> <span class='ocrx_word' id='word_1_316' title='bbox 806 4544 898 4619; x_wconf 83' lang='lat' dir='ltr'>dare,</span> <span class='ocrx_word' id='word_1_317' title='bbox 928 4545 1086 4622; x_wconf 88' lang='lat' dir='ltr'>vendere,</span> <span class='ocrx_word' id='word_1_318' title='bbox 1122 4546 1304 4632; x_wconf 86' lang='lat' dir='ltr'>assignare,</span> <span class='ocrx_word' id='word_1_319' title='bbox 1341 4551 1395 4614; x_wconf 90' lang='lat' dir='ltr'>vel</span> 
     </span>
     <span class='ocr_line' id='line_1_36' title="bbox 282 4648 1396 4737; baseline 0.005 -25"><span class='ocrx_word' id='word_1_320' title='bbox 282 4648 500 4733; x_wconf 89' lang='lat' dir='ltr'>inpignorare</span> <span class='ocrx_word' id='word_1_321' title='bbox 532 4648 690 4723; x_wconf 89' lang='lat' dir='ltr'>voluerit,</span> <span class='ocrx_word' id='word_1_322' title='bbox 724 4654 839 4712; x_wconf 74' lang='lat' dir='ltr'>totum</span> <span class='ocrx_word' id='word_1_323' title='bbox 871 4648 923 4713; x_wconf 90' lang='lat' dir='ltr'>ius</span> <span class='ocrx_word' id='word_1_324' title='bbox 955 4655 989 4713; x_wconf 87' lang='lat' dir='ltr'>et</span> <span class='ocrx_word' id='word_1_325' title='bbox 1021 4650 1082 4714; x_wconf 90' lang='lat' dir='ltr'>cla.</span> <span class='ocrx_word' id='word_1_326' title='bbox 1115 4651 1209 4734; x_wconf 92' lang='lat' dir='ltr'>quod</span> <span class='ocrx_word' id='word_1_327' title='bbox 1241 4673 1396 4737; x_wconf 89' lang='lat' dir='ltr'>vnquam</span> 
     </span>
    </p>
   </div>
   <div class='ocr_carea' id='block_1_21' title="bbox 354 4799 1065 4864">
    <p class='ocr_par' dir='ltr' id='par_1_21' title="bbox 354 4799 1065 4864">
     <span class='ocr_line' id='line_1_37' title="bbox 354 4799 1065 4864; baseline 0.003 -16"><span class='ocrx_word' id='word_1_328' title='bbox 354 4805 362 4828; x_wconf 87' lang='lat'><em>¹</em></span> <span class='ocrx_word' id='word_1_329' title='bbox 381 4799 439 4848; x_wconf 88' lang='lat' dir='ltr'>The</span> <span class='ocrx_word' id='word_1_330' title='bbox 452 4802 582 4864; x_wconf 85' lang='lat' dir='ltr'>previous</span> <span class='ocrx_word' id='word_1_331' title='bbox 594 4799 705 4850; x_wconf 86' lang='lat' dir='ltr'>charter</span> <span class='ocrx_word' id='word_1_332' title='bbox 718 4801 740 4848; x_wconf 92' lang='lat' dir='ltr'>is</span> <span class='ocrx_word' id='word_1_333' title='bbox 752 4816 769 4849; x_wconf 90' lang='lat' dir='ltr'>a</span> <span class='ocrx_word' id='word_1_334' title='bbox 782 4804 864 4861; x_wconf 78' lang='lat' dir='ltr'>grant</span> <span class='ocrx_word' id='word_1_335' title='bbox 877 4801 906 4849; x_wconf 84' lang='lat' dir='ltr'>of</span> <span class='ocrx_word' id='word_1_336' title='bbox 919 4817 936 4850; x_wconf 89' lang='lat' dir='ltr'>a</span> <span class='ocrx_word' id='word_1_337' title='bbox 949 4803 1065 4852; x_wconf 79' lang='lat' dir='ltr'>nativus.</span> 
     </span>
    </p>
   </div>
   <div class='ocr_carea' id='block_1_22' title="bbox 0 0 1708 5650">
    <p class='ocr_par' dir='ltr' id='par_1_22' title="bbox 0 0 1708 5650">
     <span class='ocr_line' id='line_1_38' title="bbox 0 0 1708 5650; baseline 0 0"><span class='ocrx_word' id='word_1_338' title='bbox 0 0 1708 5650; x_wconf 95' lang='lat' dir='ltr'> </span> 
     </span>
    </p>
   </div>
  </div>
 </body>
</html>
