<?xml version="1.0" encoding="UTF-8"?>
<!DOCTYPE html PUBLIC "-//W3C//DTD XHTML 1.0 Transitional//EN"
    "http://www.w3.org/TR/xhtml1/DTD/xhtml1-transitional.dtd">
<html xmlns="http://www.w3.org/1999/xhtml" xml:lang="en" lang="en">
 <head>
  <title>
</title>
<meta http-equiv="Content-Type" content="text/html;charset=utf-8" />
  <meta name='ocr-system' content='tesseract 3.04.00' />
  <meta name='ocr-capabilities' content='ocr_page ocr_carea ocr_par ocr_line ocrx_word'/>
</head>
<body>
  <div class='ocr_page' id='page_1' title='image "./memorialschurch01fowlgoog_0118.png"; bbox 0 0 3392 5650; ppageno 0'>
   <div class='ocr_carea' id='block_1_1' title="bbox 323 700 1151 787">
    <p class='ocr_par' dir='ltr' id='par_1_1' title="bbox 323 700 1151 787">
     <span class='ocr_line' id='line_1_1' title="bbox 323 700 1151 787; baseline 0.001 -19"><span class='ocrx_word' id='word_1_1' title='bbox 323 703 371 787; x_wconf 79' lang='lat'><strong>76</strong></span> <span class='ocrx_word' id='word_1_2' title='bbox 620 702 697 767; x_wconf 73' lang='lat' dir='ltr'><strong>Tim</strong></span> <span class='ocrx_word' id='word_1_3' title='bbox 724 701 880 768; x_wconf 70' lang='lat' dir='ltr'><strong>lucum(</strong></span> <span class='ocrx_word' id='word_1_4' title='bbox 904 700 1151 772; x_wconf 76' lang='lat' dir='ltr'><strong>Manuscmrr.</strong></span> 
     </span>
    </p>
   </div>
   <div class='ocr_carea' id='block_1_2' title="bbox 327 881 1437 1176">
    <p class='ocr_par' dir='ltr' id='par_1_2' title="bbox 327 881 1437 1176">
     <span class='ocr_line' id='line_1_2' title="bbox 327 881 1437 967; baseline 0 -20"><span class='ocrx_word' id='word_1_5' title='bbox 327 903 377 967; x_wconf 89' lang='lat' dir='ltr'><strong>pr.</strong></span> <span class='ocrx_word' id='word_1_6' title='bbox 398 902 460 947; x_wconf 89' lang='lat' dir='ltr'><strong>scr.</strong></span> <span class='ocrx_word' id='word_1_7' title='bbox 480 881 540 967; x_wconf 87' lang='lat' dir='ltr'><strong>sig.</strong></span> <span class='ocrx_word' id='word_1_8' title='bbox 560 902 606 947; x_wconf 90' lang='lat' dir='ltr'><strong>m.</strong></span> <span class='ocrx_word' id='word_1_9' title='bbox 626 882 781 966; x_wconf 90' lang='lat' dir='ltr'><strong>apposui.</strong></span> <span class='ocrx_word' id='word_1_10' title='bbox 830 883 873 947; x_wconf 94' lang='lat' dir='ltr'><strong>H.</strong></span> <span class='ocrx_word' id='word_1_11' title='bbox 895 889 932 958; x_wconf 86' lang='lat' dir='ltr'><strong>t.,</strong></span> <span class='ocrx_word' id='word_1_12' title='bbox 952 882 1065 947; x_wconf 87' lang='lat' dir='ltr'><strong>Will’o</strong></span> <span class='ocrx_word' id='word_1_13' title='bbox 1084 884 1126 948; x_wconf 92' lang='lat' dir='ltr'><strong>de</strong></span> <span class='ocrx_word' id='word_1_14' title='bbox 1144 883 1333 959; x_wconf 89' lang='lat' dir='ltr'><strong>Thomton,</strong></span> <span class='ocrx_word' id='word_1_15' title='bbox 1354 888 1437 947; x_wconf 90' lang='lat' dir='ltr'><strong>tunc</strong></span> 
     </span>
     <span class='ocr_line' id='line_1_3' title="bbox 327 985 1437 1071; baseline 0.001 -21"><span class='ocrx_word' id='word_1_16' title='bbox 327 986 455 1052; x_wconf 90' lang='lat' dir='ltr'><strong>balliuo</strong></span> <span class='ocrx_word' id='word_1_17' title='bbox 483 986 620 1071; x_wconf 90' lang='lat' dir='ltr'><strong>Ripon&#39;,</strong></span> <span class='ocrx_word' id='word_1_18' title='bbox 649 986 779 1051; x_wconf 86' lang='lat' dir='ltr'><strong>Rob&#39;to</strong></span> <span class='ocrx_word' id='word_1_19' title='bbox 805 986 1061 1071; x_wconf 88' lang='lat' dir='ltr'><strong>Dispensatore,</strong></span> <span class='ocrx_word' id='word_1_20' title='bbox 1089 993 1124 1051; x_wconf 86' lang='lat' dir='ltr'><strong>et</strong></span> <span class='ocrx_word' id='word_1_21' title='bbox 1151 987 1264 1052; x_wconf 84' lang='lat' dir='ltr'><strong>WiH’o</strong></span> <span class='ocrx_word' id='word_1_22' title='bbox 1291 985 1437 1052; x_wconf 89' lang='lat' dir='ltr'><strong>Redhod</strong></span> 
     </span>
     <span class='ocr_line' id='line_1_4' title="bbox 328 1090 1436 1176; baseline 0 -21"><span class='ocrx_word' id='word_1_23' title='bbox 328 1097 411 1156; x_wconf 84' lang='lat' dir='ltr'><strong>tunc</strong></span> <span class='ocrx_word' id='word_1_24' title='bbox 430 1090 632 1156; x_wconf 85' lang='lat' dir='ltr'><strong>custodibus</strong></span> <span class='ocrx_word' id='word_1_25' title='bbox 651 1091 882 1175; x_wconf 83' lang='lat' dir='ltr'>prenominati</span> <span class='ocrx_word' id='word_1_26' title='bbox 902 1090 1090 1167; x_wconf 89' lang='lat' dir='ltr'><strong>luminaris,</strong></span> <span class='ocrx_word' id='word_1_27' title='bbox 1111 1092 1237 1176; x_wconf 86' lang='lat' dir='ltr'><strong>Joh’ne</strong></span> <span class='ocrx_word' id='word_1_28' title='bbox 1257 1093 1299 1157; x_wconf 91' lang='lat' dir='ltr'><strong>de</strong></span> <span class='ocrx_word' id='word_1_29' title='bbox 1319 1091 1436 1167; x_wconf 68' lang='lat' dir='ltr'><strong>Ebot„</strong></span> 
     </span>
    </p>
   </div>
   <div class='ocr_carea' id='block_1_3' title="bbox 327 1195 1436 1366">
    <p class='ocr_par' dir='ltr' id='par_1_3' title="bbox 327 1195 1436 1366">
     <span class='ocr_line' id='line_1_5' title="bbox 327 1195 1436 1281; baseline 0 -20"><span class='ocrx_word' id='word_1_30' title='bbox 327 1195 430 1261; x_wconf 86' lang='lat' dir='ltr'><strong>Walt&#39;</strong></span> <span class='ocrx_word' id='word_1_31' title='bbox 462 1196 504 1260; x_wconf 92' lang='lat' dir='ltr'><strong>de</strong></span> <span class='ocrx_word' id='word_1_32' title='bbox 534 1195 681 1271; x_wconf 86' lang='lat' dir='ltr'><strong>Rouclii,</strong></span> <span class='ocrx_word' id='word_1_33' title='bbox 712 1195 825 1260; x_wconf 87' lang='lat' dir='ltr'><strong>Will’o</strong></span> <span class='ocrx_word' id='word_1_34' title='bbox 854 1195 1080 1281; x_wconf 85' lang='lat' dir='ltr'><strong>Constentyn,</strong></span> <span class='ocrx_word' id='word_1_35' title='bbox 1111 1196 1241 1261; x_wconf 88' lang='lat' dir='ltr'><strong>Gilb’to</strong></span> <span class='ocrx_word' id='word_1_36' title='bbox 1270 1196 1436 1272; x_wconf 87' lang='lat' dir='ltr'><strong>Vinetar’,</strong></span> 
     </span>
     <span class='ocr_line' id='line_1_6' title="bbox 327 1299 601 1366; baseline 0.004 -2"><span class='ocrx_word' id='word_1_37' title='bbox 327 1306 361 1365; x_wconf 89' lang='lat' dir='ltr'><strong>et</strong></span> <span class='ocrx_word' id='word_1_38' title='bbox 380 1300 499 1365; x_wconf 91' lang='lat' dir='ltr'><strong>multis</strong></span> <span class='ocrx_word' id='word_1_39' title='bbox 518 1299 601 1366; x_wconf 89' lang='lat' dir='ltr'><strong>aliis.</strong></span> 
     </span>
    </p>
   </div>
   <div class='ocr_carea' id='block_1_4' title="bbox 714 1404 1049 1500">
    <p class='ocr_par' dir='ltr' id='par_1_4' title="bbox 714 1404 1049 1500">
     <span class='ocr_line' id='line_1_7' title="bbox 714 1404 1049 1500; baseline 0.003 -32"><span class='ocrx_word' id='word_1_40' title='bbox 714 1406 802 1488; x_wconf 85' lang='lat'>(111)</span> <span class='ocrx_word' id='word_1_41' title='bbox 829 1404 887 1500; x_wconf 79' lang='lat' dir='ltr'><strong>DE</strong></span> <span class='ocrx_word' id='word_1_42' title='bbox 911 1422 1049 1470; x_wconf 72' lang='lat' dir='ltr'><strong>nouum.</strong></span> 
     </span>
    </p>
   </div>
   <div class='ocr_carea' id='block_1_5' title="bbox 324 1535 1503 2762">
    <p class='ocr_par' dir='ltr' id='par_1_5' title="bbox 324 1535 1503 2762">
     <span class='ocr_line' id='line_1_8' title="bbox 413 1535 1437 1619; baseline -0.002 -19"><span class='ocrx_word' id='word_1_43' title='bbox 413 1536 514 1600; x_wconf 92' lang='lat' dir='ltr'><strong>Omn.</strong></span> <span class='ocrx_word' id='word_1_44' title='bbox 543 1536 634 1599; x_wconf 93' lang='lat' dir='ltr'><strong>hom.</strong></span> <span class='ocrx_word' id='word_1_45' title='bbox 662 1555 712 1619; x_wconf 91' lang='lat' dir='ltr'><strong>pr.</strong></span> <span class='ocrx_word' id='word_1_46' title='bbox 740 1555 802 1599; x_wconf 90' lang='lat' dir='ltr'><strong>scr.</strong></span> <span class='ocrx_word' id='word_1_47' title='bbox 830 1535 934 1600; x_wconf 88' lang='lat' dir='ltr'><strong>visur.</strong></span> <span class='ocrx_word' id='word_1_48' title='bbox 963 1536 1017 1599; x_wconf 88' lang='lat' dir='ltr'><strong>vel</strong></span> <span class='ocrx_word' id='word_1_49' title='bbox 1044 1535 1223 1611; x_wconf 87' lang='lat' dir='ltr'><strong>audituris,</strong></span> <span class='ocrx_word' id='word_1_50' title='bbox 1251 1535 1369 1601; x_wconf 91' lang='lat' dir='ltr'><strong>Nich’s</strong></span> <span class='ocrx_word' id='word_1_51' title='bbox 1395 1535 1437 1599; x_wconf 90' lang='lat' dir='ltr'><strong>de</strong></span> 
     </span>
     <span class='ocr_line' id='line_1_9' title="bbox 326 1638 1436 1724; baseline 0 -21"><span class='ocrx_word' id='word_1_52' title='bbox 326 1640 463 1705; x_wconf 88' lang='lat' dir='ltr'><strong>Bethiu&#39;</strong></span> <span class='ocrx_word' id='word_1_53' title='bbox 481 1660 528 1704; x_wconf 85' lang='lat' dir='ltr'><strong>sa.</strong></span> <span class='ocrx_word' id='word_1_54' title='bbox 554 1639 589 1704; x_wconf 96' lang='lat' dir='ltr'><strong>in</strong></span> <span class='ocrx_word' id='word_1_55' title='bbox 613 1639 714 1704; x_wconf 91' lang='lat' dir='ltr'><strong>D’no.</strong></span> <span class='ocrx_word' id='word_1_56' title='bbox 768 1639 891 1705; x_wconf 86' lang='lat' dir='ltr'><strong>Sciatis</strong></span> <span class='ocrx_word' id='word_1_57' title='bbox 915 1660 969 1703; x_wconf 88' lang='lat' dir='ltr'><strong>me</strong></span> <span class='ocrx_word' id='word_1_58' title='bbox 994 1638 1118 1705; x_wconf 88' lang='lat' dir='ltr'><strong>Diuine</strong></span> <span class='ocrx_word' id='word_1_59' title='bbox 1142 1640 1282 1724; x_wconf 90' lang='lat' dir='ltr'><strong>pietatis</strong></span> <span class='ocrx_word' id='word_1_60' title='bbox 1307 1640 1436 1705; x_wconf 83' lang='lat' dir='ltr'><strong>intuitu</strong></span> 
     </span>
     <span class='ocr_line' id='line_1_10' title="bbox 326 1744 1435 1829; baseline -0.001 -20"><span class='ocrx_word' id='word_1_61' title='bbox 326 1744 402 1810; x_wconf 86' lang='lat' dir='ltr'><strong>ded.</strong></span> <span class='ocrx_word' id='word_1_62' title='bbox 422 1751 456 1809; x_wconf 88' lang='lat' dir='ltr'><strong>et</strong></span> <span class='ocrx_word' id='word_1_63' title='bbox 473 1766 506 1829; x_wconf 89' lang='lat' dir='ltr'><strong>p.</strong></span> <span class='ocrx_word' id='word_1_64' title='bbox 525 1765 553 1808; x_wconf 93' lang='lat' dir='ltr'><strong>c.</strong></span> <span class='ocrx_word' id='word_1_65' title='bbox 573 1744 661 1808; x_wconf 83' lang='lat' dir='ltr'><strong>coni.</strong></span> <span class='ocrx_word' id='word_1_66' title='bbox 682 1744 765 1808; x_wconf 90' lang='lat' dir='ltr'><strong>De0.</strong></span> <span class='ocrx_word' id='word_1_67' title='bbox 785 1750 820 1808; x_wconf 91' lang='lat' dir='ltr'><strong>et</strong></span> <span class='ocrx_word' id='word_1_68' title='bbox 836 1744 916 1809; x_wconf 91' lang='lat' dir='ltr'><strong>eccl.</strong></span> <span class='ocrx_word' id='word_1_69' title='bbox 936 1744 968 1809; x_wconf 93' lang='lat' dir='ltr'><strong>b.</strong></span> <span class='ocrx_word' id='word_1_70' title='bbox 988 1744 1040 1808; x_wconf 91' lang='lat' dir='ltr'><strong>W.</strong></span> <span class='ocrx_word' id='word_1_71' title='bbox 1059 1744 1101 1808; x_wconf 94' lang='lat' dir='ltr'><strong>de</strong></span> <span class='ocrx_word' id='word_1_72' title='bbox 1120 1744 1161 1809; x_wconf 93' lang='lat' dir='ltr'><strong>R.</strong></span> <span class='ocrx_word' id='word_1_73' title='bbox 1180 1765 1288 1809; x_wconf 93' lang='lat' dir='ltr'><strong>vnum</strong></span> <span class='ocrx_word' id='word_1_74' title='bbox 1305 1744 1435 1809; x_wconf 84' lang='lat' dir='ltr'><strong>toftum</strong></span> 
     </span>
     <span class='ocr_line' id='line_1_11' title="bbox 325 1847 1434 1933; baseline 0 -21"><span class='ocrx_word' id='word_1_75' title='bbox 325 1849 359 1914; x_wconf 93' lang='lat' dir='ltr'><strong>in</strong></span> <span class='ocrx_word' id='word_1_76' title='bbox 389 1848 587 1932; x_wconf 90' lang='lat' dir='ltr'><strong>Winkeslay</strong></span> <span class='ocrx_word' id='word_1_77' title='bbox 615 1848 709 1932; x_wconf 90' lang='lat' dir='ltr'><strong>apud</strong></span> <span class='ocrx_word' id='word_1_78' title='bbox 737 1847 939 1924; x_wconf 89' lang='lat' dir='ltr'><strong>Wodhuses,</strong></span> <span class='ocrx_word' id='word_1_79' title='bbox 969 1847 1054 1913; x_wconf 90' lang='lat' dir='ltr'><strong>illud</strong></span> <span class='ocrx_word' id='word_1_80' title='bbox 1082 1869 1127 1913; x_wconf 91' lang='lat' dir='ltr'><strong>sc.</strong></span> <span class='ocrx_word' id='word_1_81' title='bbox 1158 1849 1251 1933; x_wconf 93' lang='lat' dir='ltr'><strong>quod</strong></span> <span class='ocrx_word' id='word_1_82' title='bbox 1281 1848 1434 1914; x_wconf 87' lang='lat' dir='ltr'><strong>Bemard</strong></span> 
     </span>
     <span class='ocr_line' id='line_1_12' title="bbox 327 1951 1434 2043; baseline 0 -26"><span class='ocrx_word' id='word_1_83' title='bbox 327 1954 404 2018; x_wconf 89' lang='lat' dir='ltr'><strong>Rok</strong></span> <span class='ocrx_word' id='word_1_84' title='bbox 434 1959 469 2017; x_wconf 86' lang='lat' dir='ltr'><strong>et</strong></span> <span class='ocrx_word' id='word_1_85' title='bbox 499 1953 597 2017; x_wconf 92' lang='lat' dir='ltr'><strong>Nich.</strong></span> <span class='ocrx_word' id='word_1_86' title='bbox 629 1954 659 2016; x_wconf 91' lang='lat' dir='ltr'><strong>le</strong></span> <span class='ocrx_word' id='word_1_87' title='bbox 690 1954 811 2043; x_wconf 83' lang='lat' dir='ltr'><strong>Potter</strong></span> <span class='ocrx_word' id='word_1_88' title='bbox 841 1958 1037 2028; x_wconf 82' lang='lat' dir='ltr'><strong>tenuerunt,</strong></span> <span class='ocrx_word' id='word_1_89' title='bbox 1069 1951 1114 2018; x_wconf 85' lang='lat' dir='ltr'><strong>ad</strong></span> <span class='ocrx_word' id='word_1_90' title='bbox 1143 1952 1434 2019; x_wconf 88' lang='lat' dir='ltr'><strong>sustentacionem</strong></span> 
     </span>
     <span class='ocr_line' id='line_1_13' title="bbox 324 2056 1435 2142; baseline -0.003 -18"><span class='ocrx_word' id='word_1_91' title='bbox 324 2059 406 2124; x_wconf 92' lang='lat' dir='ltr'><strong>noui</strong></span> <span class='ocrx_word' id='word_1_92' title='bbox 427 2058 576 2134; x_wconf 90' lang='lat' dir='ltr'><strong>luminis,</strong></span> <span class='ocrx_word' id='word_1_93' title='bbox 597 2078 659 2142; x_wconf 92' lang='lat' dir='ltr'><strong>pro</strong></span> <span class='ocrx_word' id='word_1_94' title='bbox 679 2056 839 2123; x_wconf 88' lang='lat' dir='ltr'><strong>habenda</strong></span> <span class='ocrx_word' id='word_1_95' title='bbox 859 2057 1072 2122; x_wconf 90' lang='lat' dir='ltr'><strong>relaxacione</strong></span> <span class='ocrx_word' id='word_1_96' title='bbox 1091 2056 1137 2142; x_wconf 84' lang='lat' dir='ltr'><strong>vij</strong></span> <span class='ocrx_word' id='word_1_97' title='bbox 1161 2058 1293 2122; x_wconf 90' lang='lat' dir='ltr'><strong>dierum</strong></span> <span class='ocrx_word' id='word_1_98' title='bbox 1314 2079 1334 2121; x_wconf 88' lang='lat' dir='ltr'><strong>a</strong></span> <span class='ocrx_word' id='word_1_99' title='bbox 1354 2057 1435 2122; x_wconf 87' lang='lat' dir='ltr'><strong>d&#39;no</strong></span> 
     </span>
     <span class='ocr_line' id='line_1_14' title="bbox 325 2161 1435 2247; baseline 0 -21"><span class='ocrx_word' id='word_1_100' title='bbox 325 2162 477 2228; x_wconf 85' lang='lat' dir='ltr'><strong>Waltero</strong></span> <span class='ocrx_word' id='word_1_101' title='bbox 511 2162 693 2247; x_wconf 85' lang='lat' dir='ltr'><strong>Archiep&#39;o</strong></span> <span class='ocrx_word' id='word_1_102' title='bbox 726 2182 896 2227; x_wconf 91' lang='lat' dir='ltr'><strong>concessa.</strong></span> <span class='ocrx_word' id='word_1_103' title='bbox 946 2161 1043 2227; x_wconf 90' lang='lat' dir='ltr'><strong>Pred.</strong></span> <span class='ocrx_word' id='word_1_104' title='bbox 1079 2182 1161 2226; x_wconf 92' lang='lat' dir='ltr'><strong>vero</strong></span> <span class='ocrx_word' id='word_1_105' title='bbox 1195 2168 1322 2227; x_wconf 88' lang='lat' dir='ltr'><strong>terram</strong></span> <span class='ocrx_word' id='word_1_106' title='bbox 1356 2183 1435 2227; x_wconf 93' lang='lat' dir='ltr'><strong>cum</strong></span> 
     </span>
     <span class='ocr_line' id='line_1_15' title="bbox 325 2252 1503 2352; baseline -0.002 -20"><span class='ocrx_word' id='word_1_107' title='bbox 325 2274 411 2352; x_wconf 91' lang='lat' dir='ltr'><strong>pert.</strong></span> <span class='ocrx_word' id='word_1_108' title='bbox 432 2267 582 2332; x_wconf 82' lang='lat' dir='ltr'>concessi</span> <span class='ocrx_word' id='word_1_109' title='bbox 600 2273 634 2331; x_wconf 95' lang='lat' dir='ltr'><strong>et</strong></span> <span class='ocrx_word' id='word_1_110' title='bbox 653 2266 732 2331; x_wconf 92' lang='lat' dir='ltr'><strong>dedi</strong></span> <span class='ocrx_word' id='word_1_111' title='bbox 750 2266 843 2351; x_wconf 90' lang='lat' dir='ltr'><strong>pred.</strong></span> <span class='ocrx_word' id='word_1_112' title='bbox 865 2266 1002 2330; x_wconf 83' lang='lat' dir='ltr'><strong>ecclesie</strong></span> <span class='ocrx_word' id='word_1_113' title='bbox 1020 2266 1054 2331; x_wconf 92' lang='lat' dir='ltr'><strong>in</strong></span> <span class='ocrx_word' id='word_1_114' title='bbox 1073 2286 1196 2350; x_wconf 84' lang='lat' dir='ltr'><strong>puram</strong></span> <span class='ocrx_word' id='word_1_115' title='bbox 1214 2273 1248 2331; x_wconf 86' lang='lat' dir='ltr'><strong>et</strong></span> <span class='ocrx_word' id='word_1_116' title='bbox 1267 2286 1360 2351; x_wconf 91' lang='lat' dir='ltr'><strong>perp.</strong></span> <span class='ocrx_word' id='word_1_117' title='bbox 1381 2266 1433 2342; x_wconf 91' lang='lat' dir='ltr'><strong>el.‚</strong></span> <span class='ocrx_word' id='word_1_118' title='bbox 1497 2252 1503 2264; x_wconf 65' lang='grc'><strong><em>’</em></strong></span> 
     </span>
     <span class='ocr_line' id='line_1_16' title="bbox 325 2369 1435 2454; baseline -0.001 -18"><span class='ocrx_word' id='word_1_119' title='bbox 325 2379 360 2437; x_wconf 87' lang='lat' dir='ltr'><strong>et</strong></span> <span class='ocrx_word' id='word_1_120' title='bbox 380 2393 456 2437; x_wconf 90' lang='lat' dir='ltr'><strong>eam</strong></span> <span class='ocrx_word' id='word_1_121' title='bbox 476 2378 597 2436; x_wconf 82' lang='lat' dir='ltr'><strong>contra</strong></span> <span class='ocrx_word' id='word_1_122' title='bbox 616 2391 707 2435; x_wconf 91' lang='lat' dir='ltr'><strong>omn.</strong></span> <span class='ocrx_word' id='word_1_123' title='bbox 729 2369 885 2435; x_wconf 92' lang='lat' dir='ltr'><strong>homines</strong></span> <span class='ocrx_word' id='word_1_124' title='bbox 904 2371 1147 2436; x_wconf 88' lang='lat' dir='ltr'><strong>warantizabo.</strong></span> <span class='ocrx_word' id='word_1_125' title='bbox 1196 2372 1240 2435; x_wconf 92' lang='lat' dir='ltr'><strong>H.</strong></span> <span class='ocrx_word' id='word_1_126' title='bbox 1262 2376 1287 2435; x_wconf 90' lang='lat' dir='ltr'><strong>t.</strong></span> <span class='ocrx_word' id='word_1_127' title='bbox 1310 2371 1435 2454; x_wconf 85' lang='lat' dir='ltr'><strong>Joh&#39;ne</strong></span> 
     </span>
     <span class='ocr_line' id='line_1_17' title="bbox 325 2474 1433 2558; baseline -0.001 -18"><span class='ocrx_word' id='word_1_128' title='bbox 325 2477 394 2541; x_wconf 89' lang='lat' dir='ltr'><strong>filio</strong></span> <span class='ocrx_word' id='word_1_129' title='bbox 427 2476 581 2552; x_wconf 88' lang='lat' dir='ltr'><strong>Michael‚</strong></span> <span class='ocrx_word' id='word_1_130' title='bbox 615 2475 728 2540; x_wconf 91' lang='lat' dir='ltr'><strong>Will’o</strong></span> <span class='ocrx_word' id='word_1_131' title='bbox 760 2475 805 2539; x_wconf 86' lang='lat' dir='ltr'><strong>fil.</strong></span> <span class='ocrx_word' id='word_1_132' title='bbox 840 2474 971 2551; x_wconf 89' lang='lat' dir='ltr'><strong>Gamel,</strong></span> <span class='ocrx_word' id='word_1_133' title='bbox 1006 2474 1119 2540; x_wconf 87' lang='lat' dir='ltr'><strong>Ranu’</strong></span> <span class='ocrx_word' id='word_1_134' title='bbox 1153 2476 1195 2539; x_wconf 91' lang='lat' dir='ltr'><strong>de</strong></span> <span class='ocrx_word' id='word_1_135' title='bbox 1226 2475 1433 2558; x_wconf 88' lang='lat' dir='ltr'><strong>Winkesley,</strong></span> 
     </span>
     <span class='ocr_line' id='line_1_18' title="bbox 324 2579 1435 2665; baseline -0.003 -19"><span class='ocrx_word' id='word_1_136' title='bbox 324 2581 448 2658; x_wconf 89' lang='lat' dir='ltr'><strong>Will&#39;o,</strong></span> <span class='ocrx_word' id='word_1_137' title='bbox 489 2581 624 2664; x_wconf 87' lang='lat' dir='ltr'><strong>Joh&#39;ne,</strong></span> <span class='ocrx_word' id='word_1_138' title='bbox 665 2579 867 2665; x_wconf 85' lang='lat' dir='ltr'><strong>Reginaldo,</strong></span> <span class='ocrx_word' id='word_1_139' title='bbox 907 2579 983 2643; x_wconf 90' lang='lat' dir='ltr'><strong>filiis</strong></span> <span class='ocrx_word' id='word_1_140' title='bbox 1022 2580 1189 2665; x_wconf 76' lang='lat' dir='ltr'><strong>HugoniS,</strong></span> <span class='ocrx_word' id='word_1_141' title='bbox 1229 2579 1354 2663; x_wconf 84' lang='lat' dir='ltr'><strong>Joh&#39;ne</strong></span> <span class='ocrx_word' id='word_1_142' title='bbox 1393 2581 1435 2645; x_wconf 91' lang='lat' dir='ltr'><strong>de</strong></span> 
     </span>
     <span class='ocr_line' id='line_1_19' title="bbox 326 2683 1169 2762; baseline -0.001 -12"><span class='ocrx_word' id='word_1_143' title='bbox 326 2686 458 2762; x_wconf 83' lang='lat' dir='ltr'><strong>Hilton,</strong></span> <span class='ocrx_word' id='word_1_144' title='bbox 478 2685 582 2751; x_wconf 85' lang='lat' dir='ltr'><strong>Walt.</strong></span> <span class='ocrx_word' id='word_1_145' title='bbox 603 2691 637 2750; x_wconf 88' lang='lat' dir='ltr'><strong>et</strong></span> <span class='ocrx_word' id='word_1_146' title='bbox 656 2684 769 2749; x_wconf 93' lang='lat' dir='ltr'><strong>Will’o</strong></span> <span class='ocrx_word' id='word_1_147' title='bbox 788 2685 830 2749; x_wconf 91' lang='lat' dir='ltr'><strong>de</strong></span> <span class='ocrx_word' id='word_1_148' title='bbox 848 2683 1011 2760; x_wconf 87' lang='lat' dir='ltr'><strong>Cluther&#39;,</strong></span> <span class='ocrx_word' id='word_1_149' title='bbox 1032 2690 1066 2748; x_wconf 91' lang='lat' dir='ltr'><strong>et</strong></span> <span class='ocrx_word' id='word_1_150' title='bbox 1085 2684 1169 2749; x_wconf 80' lang='lat' dir='ltr'><strong>aliis</strong></span> 
     </span>
    </p>
   </div>
   <div class='ocr_carea' id='block_1_6' title="bbox 646 2840 1047 2926">
    <p class='ocr_par' dir='ltr' id='par_1_6' title="bbox 646 2840 1047 2926">
     <span class='ocr_line' id='line_1_20' title="bbox 646 2840 1047 2926; baseline 0.005 -22"><span class='ocrx_word' id='word_1_151' title='bbox 646 2850 650 2857; x_wconf 86' lang='grc'><strong>’</strong></span> <span class='ocrx_word' id='word_1_152' title='bbox 712 2842 800 2926; x_wconf 85' lang='lat'>(112)</span> <span class='ocrx_word' id='word_1_153' title='bbox 827 2840 885 2904; x_wconf 81' lang='lat' dir='ltr'><strong>DE</strong></span> <span class='ocrx_word' id='word_1_154' title='bbox 909 2857 1047 2906; x_wconf 73' lang='lat' dir='ltr'><strong>eonon.</strong></span> 
     </span>
    </p>
   </div>
   <div class='ocr_carea' id='block_1_7' title="bbox 109 2968 1435 4728">
    <p class='ocr_par' dir='ltr' id='par_1_7' title="bbox 109 2968 1435 4728">
     <span class='ocr_line' id='line_1_21' title="bbox 109 2968 1432 3037; baseline 0.001 -3"><span class='ocrx_word' id='word_1_155' title='bbox 109 2975 309 3034; x_wconf 51' lang='lat'><strong>0·121(÷1234·</strong></span> <span class='ocrx_word' id='word_1_156' title='bbox 411 2972 513 3037; x_wconf 93' lang='lat' dir='ltr'><strong>Omn.</strong></span> <span class='ocrx_word' id='word_1_157' title='bbox 557 2968 757 3033; x_wconf 85' lang='lat' dir='ltr'><strong>videntibus</strong></span> <span class='ocrx_word' id='word_1_158' title='bbox 798 2968 854 3033; x_wconf 89' lang='lat' dir='ltr'><strong>vel</strong></span> <span class='ocrx_word' id='word_1_159' title='bbox 897 2969 1117 3035; x_wconf 83' lang='lat' dir='ltr'><strong>audientibus</strong></span> <span class='ocrx_word' id='word_1_160' title='bbox 1159 2970 1248 3035; x_wconf 91' lang='lat' dir='ltr'><strong>hanc</strong></span> <span class='ocrx_word' id='word_1_161' title='bbox 1290 2976 1432 3035; x_wconf 85' lang='lat' dir='ltr'><strong>cartam.</strong></span> 
     </span>
     <span class='ocr_line' id='line_1_22' title="bbox 324 3073 1435 3160; baseline 0 -21"><span class='ocrx_word' id='word_1_162' title='bbox 324 3074 432 3140; x_wconf 83' lang='lat' dir='ltr'><strong>Gilb&#39;s</strong></span> <span class='ocrx_word' id='word_1_163' title='bbox 454 3075 583 3139; x_wconf 88' lang='lat' dir='ltr'><strong>tinctor</strong></span> <span class='ocrx_word' id='word_1_164' title='bbox 604 3074 646 3138; x_wconf 90' lang='lat' dir='ltr'><strong>de</strong></span> <span class='ocrx_word' id='word_1_165' title='bbox 670 3073 807 3156; x_wconf 90' lang='lat' dir='ltr'><strong>Ripon&#39;,</strong></span> <span class='ocrx_word' id='word_1_166' title='bbox 831 3094 878 3139; x_wconf 88' lang='lat' dir='ltr'><strong>sa.</strong></span> <span class='ocrx_word' id='word_1_167' title='bbox 927 3073 1016 3138; x_wconf 92' lang='lat' dir='ltr'><strong>Nou.</strong></span> <span class='ocrx_word' id='word_1_168' title='bbox 1040 3074 1134 3140; x_wconf 92' lang='lat' dir='ltr'><strong>vniu.</strong></span> <span class='ocrx_word' id='word_1_169' title='bbox 1158 3080 1275 3139; x_wconf 85' lang='lat' dir='ltr'><strong>vestra</strong></span> <span class='ocrx_word' id='word_1_170' title='bbox 1296 3095 1350 3138; x_wconf 91' lang='lat' dir='ltr'><strong>me</strong></span> <span class='ocrx_word' id='word_1_171' title='bbox 1373 3095 1435 3160; x_wconf 91' lang='lat' dir='ltr'><strong>pro</strong></span> 
     </span>
     <span class='ocr_line' id='line_1_23' title="bbox 322 3177 1433 3262; baseline 0 -19"><span class='ocrx_word' id='word_1_172' title='bbox 322 3202 370 3246; x_wconf 88' lang='lat' dir='ltr'><strong>sa.</strong></span> <span class='ocrx_word' id='word_1_173' title='bbox 393 3201 447 3245; x_wconf 87' lang='lat' dir='ltr'><strong>an.</strong></span> <span class='ocrx_word' id='word_1_174' title='bbox 469 3200 514 3243; x_wconf 92' lang='lat' dir='ltr'><strong>m.</strong></span> <span class='ocrx_word' id='word_1_175' title='bbox 536 3184 571 3242; x_wconf 86' lang='lat' dir='ltr'><strong>et</strong></span> <span class='ocrx_word' id='word_1_176' title='bbox 591 3199 645 3243; x_wconf 92' lang='lat' dir='ltr'><strong>an.</strong></span> <span class='ocrx_word' id='word_1_177' title='bbox 667 3177 871 3243; x_wconf 82' lang='lat' dir='ltr'><strong>Constancie</strong></span> <span class='ocrx_word' id='word_1_178' title='bbox 890 3199 948 3242; x_wconf 73' lang='lat' dir='ltr'><strong>vri.</strong></span> <span class='ocrx_word' id='word_1_179' title='bbox 970 3199 1014 3242; x_wconf 89' lang='lat' dir='ltr'><strong>m.</strong></span> <span class='ocrx_word' id='word_1_180' title='bbox 1036 3185 1071 3242; x_wconf 83' lang='lat' dir='ltr'><strong>et</strong></span> <span class='ocrx_word' id='word_1_181' title='bbox 1090 3199 1152 3262; x_wconf 92' lang='lat' dir='ltr'><strong>pro</strong></span> <span class='ocrx_word' id='word_1_182' title='bbox 1171 3199 1219 3243; x_wconf 90' lang='lat' dir='ltr'><strong>sa.</strong></span> <span class='ocrx_word' id='word_1_183' title='bbox 1241 3178 1433 3245; x_wconf 85' lang='lat' dir='ltr'><strong>animarum</strong></span> 
     </span>
     <span class='ocr_line' id='line_1_24' title="bbox 324 3282 1434 3367; baseline 0 -18"><span class='ocrx_word' id='word_1_184' title='bbox 324 3291 434 3349; x_wconf 88' lang='lat' dir='ltr'><strong>antec.</strong></span> <span class='ocrx_word' id='word_1_185' title='bbox 459 3289 656 3349; x_wconf 89' lang='lat' dir='ltr'><strong>nostrorum</strong></span> <span class='ocrx_word' id='word_1_186' title='bbox 678 3282 755 3346; x_wconf 91' lang='lat' dir='ltr'><strong>ded.</strong></span> <span class='ocrx_word' id='word_1_187' title='bbox 780 3303 875 3346; x_wconf 89' lang='lat' dir='ltr'><strong>conc.</strong></span> <span class='ocrx_word' id='word_1_188' title='bbox 901 3288 935 3346; x_wconf 91' lang='lat' dir='ltr'><strong>et</strong></span> <span class='ocrx_word' id='word_1_189' title='bbox 958 3303 991 3366; x_wconf 93' lang='lat' dir='ltr'><strong>p.</strong></span> <span class='ocrx_word' id='word_1_190' title='bbox 1016 3303 1044 3346; x_wconf 92' lang='lat' dir='ltr'><strong>c.</strong></span> <span class='ocrx_word' id='word_1_191' title='bbox 1069 3303 1114 3347; x_wconf 94' lang='lat' dir='ltr'><strong>m.</strong></span> <span class='ocrx_word' id='word_1_192' title='bbox 1139 3284 1228 3348; x_wconf 85' lang='lat' dir='ltr'><strong>conf.</strong></span> <span class='ocrx_word' id='word_1_193' title='bbox 1253 3283 1288 3348; x_wconf 94' lang='lat' dir='ltr'><strong>in</strong></span> <span class='ocrx_word' id='word_1_194' title='bbox 1311 3304 1434 3367; x_wconf 91' lang='lat' dir='ltr'><strong>puram</strong></span> 
     </span>
     <span class='ocr_line' id='line_1_25' title="bbox 322 3379 1431 3473; baseline -0.001 -20"><span class='ocrx_word' id='word_1_195' title='bbox 322 3395 357 3453; x_wconf 88' lang='lat' dir='ltr'><strong>et</strong></span> <span class='ocrx_word' id='word_1_196' title='bbox 376 3409 470 3473; x_wconf 89' lang='lat' dir='ltr'><strong>perp.</strong></span> <span class='ocrx_word' id='word_1_197' title='bbox 492 3388 532 3452; x_wconf 90' lang='lat' dir='ltr'><strong>el.</strong></span> <span class='ocrx_word' id='word_1_198' title='bbox 554 3388 598 3452; x_wconf 91' lang='lat' dir='ltr'><strong>ad</strong></span> <span class='ocrx_word' id='word_1_199' title='bbox 617 3392 701 3451; x_wconf 87' lang='lat' dir='ltr'><strong>sust.</strong></span> <span class='ocrx_word' id='word_1_200' title='bbox 722 3386 880 3451; x_wconf 86' lang='lat' dir='ltr'><strong>luminar.</strong></span> <span class='ocrx_word' id='word_1_201' title='bbox 903 3379 1030 3451; x_wconf 83' lang='lat' dir='ltr'><strong>Altaris</strong></span> <span class='ocrx_word' id='word_1_202' title='bbox 1049 3388 1081 3451; x_wconf 89' lang='lat' dir='ltr'><strong>b.</strong></span> <span class='ocrx_word' id='word_1_203' title='bbox 1104 3386 1148 3451; x_wconf 91' lang='lat' dir='ltr'><strong>M.</strong></span> <span class='ocrx_word' id='word_1_204' title='bbox 1170 3387 1204 3451; x_wconf 92' lang='lat' dir='ltr'><strong>in</strong></span> <span class='ocrx_word' id='word_1_205' title='bbox 1224 3388 1302 3452; x_wconf 90' lang='lat' dir='ltr'><strong>eccl.</strong></span> <span class='ocrx_word' id='word_1_206' title='bbox 1325 3387 1357 3452; x_wconf 86' lang='lat' dir='ltr'><strong>S.</strong></span> <span class='ocrx_word' id='word_1_207' title='bbox 1378 3387 1431 3452; x_wconf 92' lang='lat' dir='ltr'><strong>W.</strong></span> 
     </span>
     <span class='ocr_line' id='line_1_26' title="bbox 322 3490 1432 3577; baseline 0 -20"><span class='ocrx_word' id='word_1_208' title='bbox 322 3494 364 3557; x_wconf 93' lang='lat' dir='ltr'><strong>de</strong></span> <span class='ocrx_word' id='word_1_209' title='bbox 386 3494 427 3558; x_wconf 91' lang='lat' dir='ltr'><strong>R.</strong></span> <span class='ocrx_word' id='word_1_210' title='bbox 450 3493 485 3558; x_wconf 94' lang='lat' dir='ltr'><strong>in</strong></span> <span class='ocrx_word' id='word_1_211' title='bbox 505 3512 612 3577; x_wconf 87' lang='lat' dir='ltr'><strong>perp,</strong></span> <span class='ocrx_word' id='word_1_212' title='bbox 634 3490 707 3575; x_wconf 86' lang='lat' dir='ltr'><strong>vjd.</strong></span> <span class='ocrx_word' id='word_1_213' title='bbox 730 3511 863 3556; x_wconf 87' lang='lat' dir='ltr'><strong>annuos</strong></span> <span class='ocrx_word' id='word_1_214' title='bbox 884 3491 928 3556; x_wconf 86' lang='lat' dir='ltr'><strong>ad</strong></span> <span class='ocrx_word' id='word_1_215' title='bbox 949 3490 1035 3556; x_wconf 91' lang='lat' dir='ltr'><strong>duos</strong></span> <span class='ocrx_word' id='word_1_216' title='bbox 1056 3491 1219 3556; x_wconf 87' lang='lat' dir='ltr'><strong>terminos</strong></span> <span class='ocrx_word' id='word_1_217' title='bbox 1240 3492 1432 3568; x_wconf 84' lang='lat' dir='ltr'><strong>soluendus,</strong></span> 
     </span>
     <span class='ocr_line' id='line_1_27' title="bbox 322 3594 1433 3681; baseline -0.001 -19"><span class='ocrx_word' id='word_1_218' title='bbox 322 3599 392 3662; x_wconf 91' lang='lat' dir='ltr'><strong>scil.</strong></span> <span class='ocrx_word' id='word_1_219' title='bbox 418 3597 489 3681; x_wconf 84' lang='lat' dir='ltr'><strong>iijd.</strong></span> <span class='ocrx_word' id='word_1_220' title='bbox 516 3597 561 3662; x_wconf 90' lang='lat' dir='ltr'><strong>ad</strong></span> <span class='ocrx_word' id='word_1_221' title='bbox 585 3596 683 3660; x_wconf 88' lang='lat' dir='ltr'><strong>Pent.</strong></span> <span class='ocrx_word' id='word_1_222' title='bbox 709 3601 744 3659; x_wconf 83' lang='lat' dir='ltr'><strong>et</strong></span> <span class='ocrx_word' id='word_1_223' title='bbox 768 3594 840 3677; x_wconf 86' lang='lat' dir='ltr'><strong>iijd.</strong></span> <span class='ocrx_word' id='word_1_224' title='bbox 866 3595 957 3660; x_wconf 82' lang='lat' dir='ltr'><strong>adi.</strong></span> <span class='ocrx_word' id='word_1_225' title='bbox 984 3595 1016 3660; x_wconf 86' lang='lat' dir='ltr'><strong>S.</strong></span> <span class='ocrx_word' id='word_1_226' title='bbox 1043 3595 1087 3660; x_wconf 93' lang='lat' dir='ltr'><strong>M.</strong></span> <span class='ocrx_word' id='word_1_227' title='bbox 1113 3595 1155 3660; x_wconf 91' lang='lat' dir='ltr'><strong>de</strong></span> <span class='ocrx_word' id='word_1_228' title='bbox 1179 3597 1321 3661; x_wconf 88' lang='lat' dir='ltr'><strong>servicio</strong></span> <span class='ocrx_word' id='word_1_229' title='bbox 1345 3603 1433 3662; x_wconf 88' lang='lat' dir='ltr'><strong>terre</strong></span> 
     </span>
     <span class='ocr_line' id='line_1_28' title="bbox 322 3698 1435 3787; baseline -0.002 -20"><span class='ocrx_word' id='word_1_230' title='bbox 322 3723 428 3787; x_wconf 87' lang='lat' dir='ltr'><strong>quam</strong></span> <span class='ocrx_word' id='word_1_231' title='bbox 457 3722 518 3787; x_wconf 86' lang='lat' dir='ltr'><strong>ego</strong></span> <span class='ocrx_word' id='word_1_232' title='bbox 548 3701 614 3765; x_wconf 92' lang='lat' dir='ltr'><strong>emi</strong></span> <span class='ocrx_word' id='word_1_233' title='bbox 643 3700 685 3764; x_wconf 92' lang='lat' dir='ltr'><strong>de</strong></span> <span class='ocrx_word' id='word_1_234' title='bbox 721 3700 826 3765; x_wconf 91' lang='lat' dir='ltr'><strong>Henr.</strong></span> <span class='ocrx_word' id='word_1_235' title='bbox 864 3698 945 3765; x_wconf 84' lang='lat' dir='ltr'><strong>d&#39;no</strong></span> <span class='ocrx_word' id='word_1_236' title='bbox 976 3700 1018 3764; x_wconf 95' lang='lat' dir='ltr'><strong>de</strong></span> <span class='ocrx_word' id='word_1_237' title='bbox 1050 3699 1242 3785; x_wconf 87' lang='lat' dir='ltr'><strong>M’kington</strong></span> <span class='ocrx_word' id='word_1_238' title='bbox 1272 3701 1314 3765; x_wconf 88' lang='lat' dir='ltr'><strong>de</strong></span> <span class='ocrx_word' id='word_1_239' title='bbox 1343 3706 1435 3766; x_wconf 87' lang='lat' dir='ltr'><strong>terra</strong></span> 
     </span>
     <span class='ocr_line' id='line_1_29' title="bbox 322 3804 1432 3892; baseline -0.002 -20"><span class='ocrx_word' id='word_1_240' title='bbox 322 3828 427 3892; x_wconf 87' lang='lat' dir='ltr'><strong>quam</strong></span> <span class='ocrx_word' id='word_1_241' title='bbox 450 3827 512 3892; x_wconf 85' lang='lat' dir='ltr'><strong>ego</strong></span> <span class='ocrx_word' id='word_1_242' title='bbox 533 3811 568 3869; x_wconf 87' lang='lat' dir='ltr'><strong>et</strong></span> <span class='ocrx_word' id='word_1_243' title='bbox 594 3804 801 3870; x_wconf 87' lang='lat' dir='ltr'><strong>Constancia</strong></span> <span class='ocrx_word' id='word_1_244' title='bbox 827 3824 885 3868; x_wconf 88' lang='lat' dir='ltr'><strong>vx.</strong></span> <span class='ocrx_word' id='word_1_245' title='bbox 909 3825 986 3869; x_wconf 86' lang='lat' dir='ltr'><strong>mea</strong></span> <span class='ocrx_word' id='word_1_246' title='bbox 1014 3810 1170 3869; x_wconf 85' lang='lat' dir='ltr'><strong>tenemus</strong></span> <span class='ocrx_word' id='word_1_247' title='bbox 1197 3805 1240 3869; x_wconf 90' lang='lat' dir='ltr'><strong>de</strong></span> <span class='ocrx_word' id='word_1_248' title='bbox 1268 3826 1307 3869; x_wconf 96' lang='lat' dir='ltr'><strong>eo</strong></span> <span class='ocrx_word' id='word_1_249' title='bbox 1335 3805 1432 3870; x_wconf 85' lang='lat' dir='ltr'><strong>iuxta</strong></span> 
     </span>
     <span class='ocr_line' id='line_1_30' title="bbox 322 3908 1430 3994; baseline -0.002 -18"><span class='ocrx_word' id='word_1_250' title='bbox 322 3911 453 3976; x_wconf 85' lang='lat' dir='ltr'><strong>Emald</strong></span> <span class='ocrx_word' id='word_1_251' title='bbox 479 3911 521 3975; x_wconf 91' lang='lat' dir='ltr'><strong>de</strong></span> <span class='ocrx_word' id='word_1_252' title='bbox 548 3910 658 3974; x_wconf 84' lang='lat' dir='ltr'><strong>Disce.</strong></span> <span class='ocrx_word' id='word_1_253' title='bbox 718 3910 791 3994; x_wconf 85' lang='lat' dir='ltr'><strong>Ego</strong></span> <span class='ocrx_word' id='word_1_254' title='bbox 817 3908 987 3992; x_wconf 91' lang='lat' dir='ltr'><strong>siquidem</strong></span> <span class='ocrx_word' id='word_1_255' title='bbox 1014 3908 1107 3992; x_wconf 90' lang='lat' dir='ltr'><strong>pred.</strong></span> <span class='ocrx_word' id='word_1_256' title='bbox 1136 3908 1225 3973; x_wconf 86' lang='lat' dir='ltr'><strong>Gilb.</strong></span> <span class='ocrx_word' id='word_1_257' title='bbox 1254 3915 1289 3973; x_wconf 90' lang='lat' dir='ltr'><strong>et</strong></span> <span class='ocrx_word' id='word_1_258' title='bbox 1315 3908 1430 3975; x_wconf 86' lang='lat' dir='ltr'><strong>Const.</strong></span> 
     </span>
     <span class='ocr_line' id='line_1_31' title="bbox 323 4013 1432 4097; baseline 0 -17"><span class='ocrx_word' id='word_1_259' title='bbox 323 4038 380 4081; x_wconf 88' lang='lat' dir='ltr'><strong>vx.</strong></span> <span class='ocrx_word' id='word_1_260' title='bbox 403 4037 447 4081; x_wconf 92' lang='lat' dir='ltr'><strong>m.</strong></span> <span class='ocrx_word' id='word_1_261' title='bbox 469 4016 593 4079; x_wconf 88' lang='lat' dir='ltr'><strong>ether.</strong></span> <span class='ocrx_word' id='word_1_262' title='bbox 615 4013 724 4079; x_wconf 85' lang='lat' dir='ltr'><strong>nostri</strong></span> <span class='ocrx_word' id='word_1_263' title='bbox 743 4013 967 4078; x_wconf 81' lang='lat' dir='ltr'><strong>defendemus</strong></span> <span class='ocrx_word' id='word_1_264' title='bbox 987 4019 1022 4076; x_wconf 87' lang='lat' dir='ltr'><strong>et</strong></span> <span class='ocrx_word' id='word_1_265' title='bbox 1041 4033 1120 4078; x_wconf 87' lang='lat' dir='ltr'><strong>war.</strong></span> <span class='ocrx_word' id='word_1_266' title='bbox 1142 4013 1236 4097; x_wconf 89' lang='lat' dir='ltr'><strong>pred.</strong></span> <span class='ocrx_word' id='word_1_267' title='bbox 1259 4014 1432 4080; x_wconf 81' lang='lat' dir='ltr'><strong>redditum</strong></span> 
     </span>
     <span class='ocr_line' id='line_1_32' title="bbox 322 4118 1429 4205; baseline -0.003 -19"><span class='ocrx_word' id='word_1_268' title='bbox 322 4120 394 4205; x_wconf 89' lang='lat' dir='ltr'><strong>vjd.</strong></span> <span class='ocrx_word' id='word_1_269' title='bbox 436 4120 529 4205; x_wconf 89' lang='lat' dir='ltr'><strong>pred.</strong></span> <span class='ocrx_word' id='word_1_270' title='bbox 569 4118 690 4184; x_wconf 92' lang='lat' dir='ltr'><strong>lumini</strong></span> <span class='ocrx_word' id='word_1_271' title='bbox 730 4118 764 4182; x_wconf 94' lang='lat' dir='ltr'><strong>in</strong></span> <span class='ocrx_word' id='word_1_272' title='bbox 803 4138 899 4202; x_wconf 88' lang='lat' dir='ltr'><strong>perp.</strong></span> <span class='ocrx_word' id='word_1_273' title='bbox 940 4123 1108 4202; x_wconf 83' lang='lat' dir='ltr'><strong>tanquam</strong></span> <span class='ocrx_word' id='word_1_274' title='bbox 1147 4138 1221 4201; x_wconf 90' lang='lat' dir='ltr'><strong>pur.</strong></span> <span class='ocrx_word' id='word_1_275' title='bbox 1263 4123 1297 4182; x_wconf 88' lang='lat' dir='ltr'><strong>et</strong></span> <span class='ocrx_word' id='word_1_276' title='bbox 1336 4139 1429 4203; x_wconf 92' lang='lat' dir='ltr'><strong>perp.</strong></span> 
     </span>
     <span class='ocr_line' id='line_1_33' title="bbox 323 4221 1430 4307; baseline -0.001 -18"><span class='ocrx_word' id='word_1_277' title='bbox 323 4225 543 4290; x_wconf 89' lang='lat' dir='ltr'><strong>elemosinam</strong></span> <span class='ocrx_word' id='word_1_278' title='bbox 558 4231 723 4288; x_wconf 86' lang='lat' dir='ltr'><strong>nostram.</strong></span> <span class='ocrx_word' id='word_1_279' title='bbox 772 4223 815 4286; x_wconf 94' lang='lat' dir='ltr'><strong>H.</strong></span> <span class='ocrx_word' id='word_1_280' title='bbox 834 4228 871 4298; x_wconf 88' lang='lat' dir='ltr'><strong>t.,</strong></span> <span class='ocrx_word' id='word_1_281' title='bbox 890 4222 1019 4307; x_wconf 85' lang='lat' dir='ltr'><strong>Mag&#39;ro</strong></span> <span class='ocrx_word' id='word_1_282' title='bbox 1035 4221 1074 4287; x_wconf 90' lang='lat' dir='ltr'><strong>G.</strong></span> <span class='ocrx_word' id='word_1_283' title='bbox 1092 4221 1134 4285; x_wconf 92' lang='lat' dir='ltr'><strong>de</strong></span> <span class='ocrx_word' id='word_1_284' title='bbox 1149 4222 1287 4298; x_wconf 90' lang='lat' dir='ltr'><strong>Larder,</strong></span> <span class='ocrx_word' id='word_1_285' title='bbox 1306 4222 1430 4299; x_wconf 88' lang='lat' dir='ltr'><strong>Ranu’,</strong></span> 
     </span>
     <span class='ocr_line' id='line_1_34' title="bbox 322 4326 1430 4414; baseline -0.004 -19"><span class='ocrx_word' id='word_1_286' title='bbox 322 4329 440 4405; x_wconf 82' lang='lat' dir='ltr'><strong>Galir&#39;,</strong></span> <span class='ocrx_word' id='word_1_287' title='bbox 456 4329 554 4414; x_wconf 83' lang='lat' dir='ltr'><strong>Rog’,</strong></span> <span class='ocrx_word' id='word_1_288' title='bbox 568 4328 703 4411; x_wconf 90' lang='lat' dir='ltr'><strong>Joh&#39;ne,</strong></span> <span class='ocrx_word' id='word_1_289' title='bbox 719 4327 859 4402; x_wconf 84' lang='lat' dir='ltr'><strong>Rob’to,</strong></span> <span class='ocrx_word' id='word_1_290' title='bbox 873 4326 1023 4402; x_wconf 91' lang='lat' dir='ltr'><strong>Matheo,</strong></span> <span class='ocrx_word' id='word_1_291' title='bbox 1038 4326 1214 4403; x_wconf 86' lang='lat' dir='ltr'><strong>Laurenc’‚</strong></span> <span class='ocrx_word' id='word_1_292' title='bbox 1229 4327 1430 4411; x_wconf 84' lang='lat' dir='ltr'><strong>Capelianis,</strong></span> 
     </span>
     <span class='ocr_line' id='line_1_35' title="bbox 322 4431 1430 4514; baseline -0.002 -15"><span class='ocrx_word' id='word_1_293' title='bbox 322 4434 434 4499; x_wconf 91' lang='lat' dir='ltr'><strong>Will’o</strong></span> <span class='ocrx_word' id='word_1_294' title='bbox 471 4434 513 4498; x_wconf 86' lang='lat' dir='ltr'><strong>de</strong></span> <span class='ocrx_word' id='word_1_295' title='bbox 549 4432 826 4506; x_wconf 89' lang='lat' dir='ltr'><strong>Winchecumbe,</strong></span> <span class='ocrx_word' id='word_1_296' title='bbox 864 4437 947 4496; x_wconf 90' lang='lat' dir='ltr'><strong>tunc</strong></span> <span class='ocrx_word' id='word_1_297' title='bbox 983 4431 1121 4507; x_wconf 88' lang='lat' dir='ltr'><strong>balliu0,</strong></span> <span class='ocrx_word' id='word_1_298' title='bbox 1160 4431 1260 4514; x_wconf 90' lang='lat' dir='ltr'><strong>Joh’e</strong></span> <span class='ocrx_word' id='word_1_299' title='bbox 1298 4432 1430 4509; x_wconf 90' lang='lat' dir='ltr'><strong>Russel,</strong></span> 
     </span>
     <span class='ocr_line' id='line_1_36' title="bbox 322 4535 1430 4622; baseline -0.004 -17"><span class='ocrx_word' id='word_1_300' title='bbox 322 4539 427 4605; x_wconf 85' lang='lat' dir='ltr'><strong>Galir.</strong></span> <span class='ocrx_word' id='word_1_301' title='bbox 461 4539 503 4602; x_wconf 92' lang='lat' dir='ltr'><strong>de</strong></span> <span class='ocrx_word' id='word_1_302' title='bbox 535 4537 670 4622; x_wconf 83' lang='lat' dir='ltr'><strong>Gilling,</strong></span> <span class='ocrx_word' id='word_1_303' title='bbox 705 4535 827 4600; x_wconf 90' lang='lat' dir='ltr'><strong>Nich&#39;o</strong></span> <span class='ocrx_word' id='word_1_304' title='bbox 858 4536 1009 4612; x_wconf 87' lang='lat' dir='ltr'><strong>Castlok,</strong></span> <span class='ocrx_word' id='word_1_305' title='bbox 1042 4536 1179 4601; x_wconf 87' lang='lat' dir='ltr'><strong>Simone</strong></span> <span class='ocrx_word' id='word_1_306' title='bbox 1211 4537 1316 4602; x_wconf 82' lang='lat' dir='ltr'><strong>fratre</strong></span> <span class='ocrx_word' id='word_1_307' title='bbox 1348 4537 1430 4612; x_wconf 89' lang='lat' dir='ltr'><strong>eius,</strong></span> 
     </span>
     <span class='ocr_line' id='line_1_37' title="bbox 322 4641 1217 4728; baseline -0.002 -20"><span class='ocrx_word' id='word_1_308' title='bbox 322 4644 434 4708; x_wconf 86' lang='lat' dir='ltr'><strong>Will’o</strong></span> <span class='ocrx_word' id='word_1_309' title='bbox 453 4643 562 4728; x_wconf 85' lang='lat' dir='ltr'><strong>Gagy,</strong></span> <span class='ocrx_word' id='word_1_310' title='bbox 585 4642 657 4706; x_wconf 90' lang='lat' dir='ltr'><strong>Ric.</strong></span> <span class='ocrx_word' id='word_1_311' title='bbox 679 4641 920 4717; x_wconf 86' lang='lat' dir='ltr'><strong>inbreuiatore,</strong></span> <span class='ocrx_word' id='word_1_312' title='bbox 941 4647 976 4705; x_wconf 91' lang='lat' dir='ltr'><strong>et</strong></span> <span class='ocrx_word' id='word_1_313' title='bbox 996 4641 1113 4708; x_wconf 87' lang='lat' dir='ltr'><strong>multis</strong></span> <span class='ocrx_word' id='word_1_314' title='bbox 1133 4641 1217 4706; x_wconf 87' lang='lat' dir='ltr'><strong>aliis.</strong></span> 
     </span>
    </p>
   </div>
   <div class='ocr_carea' id='block_1_8' title="bbox 410 4783 1026 4870">
    <p class='ocr_par' dir='ltr' id='par_1_8' title="bbox 410 4783 1026 4870">
     <span class='ocr_line' id='line_1_38' title="bbox 410 4783 1026 4870; baseline -0.003 -19"><span class='ocrx_word' id='word_1_315' title='bbox 410 4786 504 4851; x_wconf 87' lang='lat' dir='ltr'><strong>Nota</strong></span> <span class='ocrx_word' id='word_1_316' title='bbox 522 4785 616 4870; x_wconf 94' lang='lat' dir='ltr'><strong>quod</strong></span> <span class='ocrx_word' id='word_1_317' title='bbox 635 4784 688 4848; x_wconf 88' lang='lat' dir='ltr'><strong>hic</strong></span> <span class='ocrx_word' id='word_1_318' title='bbox 708 4783 872 4848; x_wconf 89' lang='lat' dir='ltr'><strong>deficiunt</strong></span> <span class='ocrx_word' id='word_1_319' title='bbox 891 4783 912 4868; x_wconf 85' lang='lat' dir='ltr'><strong>ij</strong></span> <span class='ocrx_word' id='word_1_320' title='bbox 935 4783 1026 4849; x_wconf 81' lang='lat' dir='ltr'><strong>folia.</strong></span> 
     </span>
    </p>
   </div>
   <div class='ocr_carea' id='block_1_9' title="bbox 0 0 1700 5650">
    <p class='ocr_par' dir='ltr' id='par_1_9' title="bbox 0 0 1700 5650">
     <span class='ocr_line' id='line_1_39' title="bbox 0 0 1700 5650; baseline 0 1"><span class='ocrx_word' id='word_1_321' title='bbox 0 0 1700 5650; x_wconf 95' lang='lat' dir='ltr'><strong> </strong></span> 
     </span>
    </p>
   </div>
  </div>
 </body>
</html>
