3392 5650
703 694 934 761 Cnnruinnr.
1331 710 1373 779 95

260 895 340 939 cum
371 895 462 940 omn.
495 883 582 959 pert.
607 896 633 939 s.
663 875 697 938 111
729 874 943 959 longitudine
974 880 1009 938 et
1039 874 1234 949 latitudine,
1267 874 1373 938 Alicie

260 979 366 1042 sorori
391 999 475 1053 mee,
503 985 571 1044 ten.
598 986 632 1042 et
657 980 736 1043 hab.
764 979 810 1042 illi
835 985 869 1042 et
894 979 963 1042 her.
990 999 1015 1043 s,
1042 979 1097 1042 vel
1121 979 1175 1042 cui
1200 978 1372 1061 assignare

260 1083 418 1158 voluerit,
436 1084 469 1148 li.
487 1084 557 1167 qui.
576 1090 609 1147 et
626 1083 777 1166 pacifice,
795 1083 889 1147 redd.
907 1083 986 1147 inde
1002 1083 1184 1147 annuatim
1200 1083 1372 1146 Canonico

261 1187 366 1251 eiusd.
395 1188 568 1270 prebende
593 1208 660 1271 que
687 1187 753 1251 fuit
780 1188 869 1250 bone
895 1187 1057 1251 memorie
1084 1187 1201 1271 Mag'ri
1229 1187 1303 1250 Ade
1329 1186 1372 1249 de

261 1291 437 1375 Melsenby
462 1299 496 1355 et
522 1312 611 1356 succ.
638 1312 663 1355 s.
692 1297 760 1355 tres
785 1291 862 1355 den.
889 1311 951 1375 pro
976 1312 1067 1355 omn.
1094 1311 1181 1355 serv.
1209 1297 1242 1354 et
1268 1291 1370 1360 dem..

261 1395 349 1459 med.
374 1395 458 1459 dicti
481 1395 562 1459 tolti
584 1395 875 1479 contingentibus,
896 1395 1008 1492 videl}
1033 1396 1121 1459 med.
1147 1395 1191 1458 ad
1214 1395 1312 1459 Pent.
1337 1401 1370 1459 et

261 1500 350 1564 med.
371 1500 458 1564 0111.
479 1499 511 1564 S.
533 1500 577 1564 M.
598 1506 632 1563 et
651 1506 690 1563 vt
710 1501 743 1563 h.
763 1520 840 1564 mea
859 1499 1004 1563 donacio
1023 1507 1099 1564 rata
1118 1506 1152 1563 et
1172 1500 1372 1563 inconcussa

261 1610 462 1686 permaneat
482 1604 517 1667 111
538 1624 644 1687 perp„
667 1623 716 1686 pr.
738 1623 800 1667 scr.
823 1603 883 1687 sig.
906 1624 950 1667 m.
973 1603 1181 1686 inpressione
1201 1604 1372 1667 roboraui.

263 1707 306 1771 H.
328 1714 353 1772 t.
375 1708 505 1792 Mag'ro
523 1707 624 1791 Joh'e
644 1707 813 1781 Romano,
835 1712 890 1771 etc.
1232 1698 1236 1703 ’

650 1862 738 1943 (151)
765 1861 821 1925 DE
847 1878 985 1925 ronan.

253 2071 257 2084 ἱ
348 1991 421 2055 The
440 1989 542 2055 ¹same
570 2012 607 2055 as
635 1990 699 2055 No.
727 2006 799 2072 151,
823 1993 886 2055 but
912 1991 964 2055 101
988 1991 1102 2055 “cum
1126 1991 1246 2055 maiori
1270 1992 1374 2055 domo
1430 1991 1541 2055 Rypon.

261 2096 373 2168 mea,”
399 2095 463 2160 No.
491 2111 553 2176 152
584 2097 646 2160 has
678 2095 698 2120 “
714 2116 793 2159 cum
817 2095 939 2159 minori
964 2096 1068 2159 domo
1091 2096 1203 2171 mea‚”
1229 2096 1298 2160 and
1321 2096 1375 2159 101

262 2200 282 2224 “
298 2201 405 2264 Alicie
424 2200 530 2264 sorori
550 2200 659 2273 mee,’'
681 2200 701 2224 “
718 2198 890 2264 Gunnilde
910 2200 1033 2263 sororis
1056 2200 1126 2283 (sic)
1149 2201 1258 2264 mee.'’

476 2354 563 2435 (153)
591 2352 647 2416 DE
671 2368 810 2416 11001111.
861 2351 1010 2435 (Similar
1031 2354 1158 2435 grant).

349 2484 450 2547 Omn.
482 2483 540 2565 xpi
569 2481 626 2546 fid.
658 2502 707 2565 pr.
738 2488 872 2545 cartam
901 2482 963 2545 vis.
994 2483 1049 2546 vel
1078 2482 1157 2546 aud.
1188 2481 1296 2546 Will’s
1325 2482 1584 2547 1101211120)-

263 2587 382 2651 Rob'ti
413 2587 458 2651 fil.
484 2587 644 2669 Auuerey
671 2607 718 2650 sa.
748 2586 783 2649 in
815 2585 918 2650 D’no.
966 2585 1054 2650 Nou.
1085 2607 1139 2651 me
1170 2586 1246 2651 ded.
1276 2608 1370 2652 conc.
1430 2576 1540 2639 ΚΥΡΟΠ·

262 2698 297 2755 et
317 2692 387 2775 qui.
409 2692 471 2755 cla.
493 2691 536 2755 de
556 2712 610 2755 me
631 2696 665 2755 et
686 2691 755 2754 her.
778 2711 823 2754 m.
846 2691 881 2754 in
902 2711 995 2774 perp.
1018 2691 1102 2755 illud
1122 2711 1271 2775 mesuag.
1294 2712 1373 2756 cum

263 2801 349 2879 pert.
373 2795 407 2860 in
433 2795 546 2879 Ripon
572 2796 624 2875 (45
644 2796 688 2878 v.)
715 2801 806 2859 retro
833 2794 967 2878 gardini
989 2794 1084 2879 quod
1108 2794 1256 2860 Rob’tus
1278 2802 1378 2879 pater

263 2921 359 2965 meus
376 2901 499 2974 tenuit,
518 2901 587 2964 scil.
607 2900 649 2964 de
667 2899 842 2982 prebenda
860 2899 930 2962 d’ni
951 2899 1071 2963 Rob’ti
1090 2899 1275 2964 Passelewe
1293 2907 1376 2964 tunc

263 3005 418 3069 canonici
441 3005 577 3087 Ripon',
596 3004 726 3068 Rob’to
742 3004 784 3067 de
801 3002 952 3067 Nunwik
969 3009 1003 3067 et
1025 3004 1206 3068 heredibus
1228 3005 1299 3068 eius
1320 3005 1375 3068 vel

264 3110 336 3174 eius
361 3109 497 3194 assign.,
523 3109 608 3173 illud
633 3129 678 3172 sc.
705 3128 787 3171 mes,
811 3107 926 3191 quod1
954 3128 1016 3191 ego
1037 3108 1214 3191 quondam
1235 3109 1375 3173 vendidi

264 3220 399 3297 partem
419 3213 548 3277 Rob’to
568 3212 693 3295 Sureys
713 3218 746 3276 et
767 3218 902 3296 partem
922 3212 1035 3275 dimisi
1056 3212 1100 3275 ad
1120 3212 1265 3287 firmam,
1286 3213 1374 3277 sicut

264 3323 478 3401 protestatur
503 3323 600 3381 carta
627 3317 732 3380 eiusd.
763 3317 883 3380 Rob'ti
910 3315 1035 3399 Sureys
1062 3323 1096 3380 et
1123 3317 1158 3380 in
1185 3317 1374 3401 cirograffo.

264 3423 345 3486 Ten.
371 3428 405 3487 et
429 3423 508 3486 hab.
534 3422 644 3485 eidem
669 3421 798 3484 Rob'to
821 3421 864 3484 de
888 3419 1049 3503 Nunwyk
1073 3427 1107 3485 et
1131 3422 1200 3485 her.
1227 3422 1298 3485 eius
1321 3422 1375 3486 vel

264 3527 336 3591 eius
356 3526 537 3610 assignatis
557 3526 599 3589 de
619 3526 700 3589 d'no
721 3525 851 3589 Rob’to
872 3525 1038 3588 Passelew
1057 3525 1228 3589 Canonico
1249 3526 1374 3610 Ripon'

265 3637 299 3695 et
316 3651 406 3695 succ.
426 3631 498 3694 eius
515 3630 548 3694 li.
569 3636 602 3693 et
620 3630 690 3714 qui.
740 3629 849 3693 Redd.
870 3629 949 3692 inde
966 3629 1147 3693 annuatim
1166 3630 1276 3694 eidem
1293 3630 1375 3694 d'no

266 3735 307 3800 R.
334 3735 370 3800 P.
393 3735 474 3800 Can.
497 3735 575 3818 Rip.
597 3740 631 3798 et
655 3754 744 3798 succ.
766 3734 838 3797 eius
861 3734 984 3818 viginti
1008 3733 1098 3808 den,
1121 3734 1189 3798 scil.
1215 3735 1304 3799 med.
1330 3735 1374 3799 ad

266 3840 363 3904 Pent.
380 3845 414 3904 et
429 3839 517 3903 med.
534 3839 579 3902 ad
594 3839 616 3902 1,
634 3839 665 3902 S.
683 3838 727 3902 M.
743 3839 777 3901 in
793 3839 825 3901 h.
842 3858 904 3920 pro
919 3838 1078 3901 omnibus
1092 3839 1185 3921 pred.
1202 3839 1376 3923 mesuagio

265 3944 527 4027 pertinentibus.
566 3943 782 4025 (Worranlp).
819 3943 866 4005 Vt
883 3948 1001 4005 autem
1014 3943 1046 4006 h.
1059 3962 1136 4006 mea
1148 3963 1242 4007 conc.
1257 3949 1291 4007 et
1304 3944 1374 4027 qui.

156 4110 160 4122 f
265 4047 430 4112 clamacio
450 4069 471 4111 a
491 4047 627 4112 nemine
647 4047 755 4129 possit
776 4046 926 4130 infringi,
949 4046 1013 4109 hoc
1033 4066 1083 4130 pr.
1106 4066 1168 4111 scr.
1190 4047 1287 4131 sigilli
1309 4048 1374 4112 mei

266 4152 485 4236 apposicione
507 4151 666 4215 roboraui
689 4171 751 4234 pro
773 4151 926 4234 quadam
948 4171 1083 4214 summa
1106 4151 1248 4233 pecunie
1270 4173 1376 4236 quam

265 4256 368 4321 michi
406 4256 512 4320 dedit.
560 4256 719 4319 Testibus
758 4254 888 4338 Mag’ro
926 4253 1058 4318 Galfrid
1096 4255 1138 4318 de
1177 4255 1305 4319 Larder
1341 4263 1375 4320 et

265 4360 396 4425 ceteris.

335 4500 422 4583 (154)
446 4499 502 4563 DE
523 4516 661 4563 EODEM.
711 4499 833 4580 (Grant
855 4499 891 4562 01
910 4498 992 4562 land
1012 4505 1049 4563 to
1069 4499 1129 4563 the
1148 4499 1307 4583 Church).

355 4618 496 4682 Printed
513 4619 548 4681 in
566 4618 669 4681 Mem.
689 4617 812 4700 Ripon,
833 4617 860 4691 I,
879 4634 931 4699 99,
950 4615 1039 4679 110111
1057 4616 1286 4701 Darnbrough
1305 4619 1372 4682 MS.

338 4800 345 4822 ¹
365 4795 402 4846 So
410 4796 442 4845 in
456 4796 521 4852 MS..
537 4795 591 4843 but-
605 4802 619 4819 ¹⁴
628 4769 731 4842 cuius³¹
747 4795 839 4842 would
853 4794 914 4857 give
927 4808 944 4842 a
957 4793 1049 4842 better
1062 4807 1148 4842 sense.
