3392 5650
338 708 401 757 202
619 692 698 756 Tne
724 692 880 757 {norisii
905 691 1152 756 Manuscnirr.

136 888 195 937 The
208 889 298 952 cuap-
336 870 378 933 de
400 870 537 954 Ripoii',
561 870 701 945 Barkes,
725 876 759 933 et
781 870 940 953 Johanne
961 870 1077 934 vxoris
1098 890 1168 945 sue,
1191 870 1448 954 imperpetuum

130 956 209 1004 Μ’
230 956 306 1005 nath.
335 974 534 1039 conceditur
577 981 611 1038 et
655 974 776 1038 eciam¹
822 973 1025 1059 assignatur.
1073 974 1128 1038 Ad
1171 994 1238 1059 que
1281 974 1448 1058 premissa

334 1078 451 1143 omnia
470 1085 505 1142 et
524 1077 657 1164 singula
676 1079 723 1142 sic
742 1084 782 1143 vt
802 1078 989 1162 predicitur
1008 1077 1175 1154 iacienda,
1197 1078 1444 1163 perimplenda,

334 1189 369 1246 et
391 1183 435 1247 ad
457 1184 548 1248 hunc
569 1189 724 1247 nostram
746 1182 1002 1247 ordinacionem
1024 1183 1166 1247 firmiter
1187 1184 1443 1267 imperpetuum

334 1288 596 1363 obseruandam,
621 1287 776 1371 prelatus
800 1287 877 1351 d'ns
902 1287 1018 1351 Ric’us
1043 1287 1246 1371 Capellanus
1270 1308 1310 1352 ac
1334 1288 1444 1352 futuri

333 1412 541 1456 successores
564 1392 616 1456 sui
640 1392 730 1455 dicte
754 1392 906 1455 cantarie
929 1391 1096 1475 capellani
1120 1412 1237 1455 omnes
1261 1397 1295 1455 et
1318 1391 1444 1476 singuli

334 1496 559 1560 incontinenti
580 1502 658 1580 post
678 1496 830 1579 ipsorum
849 1496 1050 1560 canonicam
1070 1494 1307 1560 induccionem
1326 1516 1443 1560 eoram

334 1600 427 1664 dicto
460 1599 612 1684 capitulo
646 1600 770 1684 Ripon’
804 1620 864 1663 seu
897 1599 963 1664 alio
996 1620 1214 1685 quocumque
1246 1599 1443 1664 conferente

334 1705 525 1769 cantariam
569 1704 770 1788 predictam,
816 1710 856 1768 vt
900 1704 1080 1787 prefertur,
1126 1704 1170 1768 ad
1214 1710 1335 1768 sancta
1379 1704 1444 1767 Dei

334 1809 523 1894 Euangelia
548 1829 608 1892 per
633 1809 724 1893 ipsos
749 1808 943 1892 capellanos
969 1814 1003 1871 et
1034 1807 1223 1893 quemlibet
1257 1807 1444 1872 eorundem

333 1913 555 1997 corporaliter
581 1919 677 1977 tacta
704 1912 873 1996 prestabit
901 1918 935 1976 et
964 1913 1170 1997 prestabunt
1198 1913 1442 1988 iuramentum,

335 2018 486 2102 alioquin
502 2017 642 2082 collacio
659 2023 693 2080 et
710 2016 867 2081 induccio
884 2017 989 2100 ipsius
1008 2016 1176 2101 capellani
1194 2016 1229 2080 in
1251 2016 1444 2081 cantariam

333 2122 524 2206 predictam
562 2122 614 2207 (72
628 2124 674 2205 v.)
712 2121 772 2204 qui
806 2121 840 2185 iii
876 2121 987 2185 forma
1021 2120 1175 2204 predicta
1210 2120 1444 2185 iuramentum

334 2224 530 2289 huiusmodi
549 2246 618 2289 non
637 2224 825 2308 prestiterit
845 2225 939 2289 omni
958 2230 1096 2289 careant
1116 2224 1232 2309 vigore
1251 2229 1286 2288 et
1306 2224 1442 2304 effectu,

137 2327 203 2442 culs
216 2327 301 2442 {2505
334 2351 374 2393 ac
399 2350 461 2413 pro
487 2350 556 2393 non
582 2329 778 2412 capellanus
804 2329 895 2393 dicte
921 2329 1073 2393 eantarie
1099 2329 1236 2413 penitus
1262 2328 1442 2393 habeatur.

133 2408 225 2524 Ripei'n
240 2444 307 2508 'ever
334 2433 501 2498 Volumus
518 2454 558 2497 ac
575 2434 682 2497 eciam
700 2432 898 2497 ordinamus
915 2433 943 2496 si
961 2432 1032 2496 d’ni
1049 2432 1203 2497 canonici
1221 2432 1299 2497 eccl.
1318 2432 1442 2517 Colleg.

120 2527 320 2657 ἒξῒῖῐὲῗιῗὲἓῂξῒ
335 2538 460 2622 Ripon'
489 2538 544 2602 vel
570 2538 622 2601 sui
649 2557 858 2601 successores
885 2537 1039 2601 canonici
1066 2536 1191 2601 futuris
1219 2536 1443 2620 temporibus,

137 2659 160 2709 is
173 2664 204 2709 to
217 2675 252 2723 go
265 2664 296 2708 to
333 2642 427 2727 quod
445 2642 546 2717 absit,
566 2642 715 2705 alienent
732 2642 787 2705 vel
805 2641 945 2705 alienari
963 2641 1092 2705 faciant
1110 2646 1335 2724 patronatum
1352 2640 1443 2704 dicte

173 2727 258 2777 Μ·
334 2746 486 2810 cantarie
528 2746 622 2830 quod
664 2766 706 2809 ex
749 2751 832 2808 tunc
874 2745 968 2808 liciat
1010 2744 1099 2808 d'nis
1141 2744 1319 2808 Canonicis
1361 2744 1441 2808 eccl.

333 2851 546 2915 Cathedralis
584 2852 686 2915 Ebor.
726 2850 874 2935 gaudere
911 2850 975 2913 sibi
1013 2855 1048 2913 et
1085 2850 1155 2913 suis
1192 2849 1444 2914 successoribus

334 2955 505 3020 canonicis
528 2955 792 3038 ¹imperpetuum
825 2959 1014 3037 patronatu
1047 2953 1138 3017 dicte
1171 2952 1330 3017 Cantarie
1363 2973 1443 3017 cum

334 3059 404 3123 suis
433 3059 562 3123 iuribus
590 3064 624 3122 et
652 3057 872 3143 pertinencijs
900 3058 1077 3132 vniuersiS,
1106 3057 1295 3121 secundum
1322 3057 1444 3121 seriem

334 3170 369 3227 et
403 3170 557 3227 tenorem
591 3184 630 3227 ac
664 3163 811 3226 formam
845 3167 961 3226 nostre
995 3161 1222 3226 ordinacionis
1257 3161 1441 3226 antedicte.

121 3278 147 3325 11
158 3277 208 3353 the
223 3277 319 3352 uchap-
335 3268 501 3332 Volumus
514 3267 622 3331 eciam
635 3267 728 3350 quod
741 3267 770 3330 si
782 3265 979 3350 capellanus
992 3266 1166 3350 predictus
1179 3288 1200 3330 a
1212 3265 1444 3330 celebracione

129 3343 311 3406 ¹³¹¹¹w¹¹f¹¹¹¹y
335 3372 531 3437 diuinorum
567 3372 602 3435 in
638 3371 720 3434 locis
757 3370 941 3434 antedictis
977 3376 1012 3433 et
1049 3371 1291 3435 obseruaeione
1327 3375 1444 3434 nostre

167 3410 230 3459 lails
243 3414 274 3458 to

121 3477 219 3526 attend
235 3481 265 3524 t0
279 3476 320 3524 his
335 3475 562 3540 ordinacionis
614 3475 787 3539 antedicte
837 3495 898 3559 per
947 3475 1161 3558 quarterium
1210 3475 1311 3539 vnius
1362 3474 1444 3539 anni

131 3544 223 3593 duties
236 3543 279 3591 lor
292 3558 309 3591 a
501 3581 506 3590 .
964 3579 969 3590 .
993 3579 998 3590 .
1233 3579 1238 3590 .
1330 3578 1336 3590 .

126 3614 241 3674 quarter
254 3609 283 3657 oi
295 3624 312 3657 a
335 3581 528 3645 voluntarie
556 3586 591 3643 et
619 3580 748 3662 absque
772 3599 878 3643 causa
905 3578 1060 3664 legitima
1087 3600 1122 3642 se
1150 3580 1356 3643 abstinuerit
1383 3599 1443 3643 seu

120 3676 321 3806 {feafesseefisfflff
335 3684 500 3769 premissa
517 3705 586 3747 non
604 3682 869 3767 perimpleuerit,
889 3683 1156 3767 supportauerit,
1176 3689 1237 3747 aut
1254 3682 1443 3747 seruauerit

126 3811 180 3859 and
196 3782 314 3858 anothe}
335 3795 437 3873 prout
459 3788 613 3871 superius
635 3787 833 3850 ordinatum
854 3792 916 3862 est,
939 3787 1032 3870 quod
1054 3808 1095 3850 ex
1118 3793 1211 3862 tunc,
1234 3787 1326 3851 omni
1348 3787 1443 3870 Juris

136 3876 298 3941 appointed.
334 3892 577 3975 solempnitate
605 3891 730 3955 omissa
758 3912 798 3955 ac
821 3890 894 3955 sola
920 3891 1002 3954 iacti
1027 3891 1167 3955 viritate
1194 3891 1356 3976 cognita²
1384 3911 1444 3974 per

335 3995 526 4081 capitulum
547 3995 671 4078 Ripon'
694 3995 887 4079 predictum
907 4000 941 4058 et
962 3995 1084 4058 fratres
1104 3995 1195 4059 dicte
1215 3995 1443 4075 iratemitatis

335 4106 396 4165 aut
420 4121 560 4165 suorum
584 4099 830 4183 deputatorum
854 4099 889 4163 in
913 4099 978 4164 hoc
1001 4119 1082 4163 casu
1106 4100 1148 4163 de
1171 4099 1266 4164 dicta
1289 4099 1444 4164 cantaria

335 4205 380 4270 ad
404 4205 511 4268 altare
535 4204 728 4288 predictum
753 4204 819 4268 S'ci
843 4204 973 4267 Thome
998 4225 1037 4268 ac
1061 4204 1289 4287 occupacione
1312 4210 1346 4267 et
1371 4203 1443 4268 eius

335 4308 545 4394 possessione
571 4308 678 4372 eciam
704 4307 826 4371 merito
852 4307 1054 4391 expellatur,
1082 4313 1116 4371 et
1142 4308 1240 4372 alteri
1265 4306 1443 4392 capellano

336 4415 480 4477 honesto
502 4419 537 4476 et
559 4412 674 4477 idonio
695 4411 885 4476 seeundum
907 4412 1053 4475 formam
1075 4418 1110 4475 et
1132 4417 1286 4476 tenorem
1308 4411 1443 4477 ordina-

335 4517 441 4582 cionis
474 4516 648 4581 antedicte
680 4516 795 4580 debite
828 4516 1026 4581 conferatur
1057 4516 1213 4580 cantaria
1245 4516 1445 4600 supradicta

406 4686 413 4708 ¹
434 4681 545 4744 Always
558 4680 670 4729 written
685 4685 700 4702 ‘⁴
710 4681 798 4728 e'eam
807 4680 823 4700 ''
838 4680 867 4728 in
881 4680 928 4729 the
942 4681 998 4729 MS.

405 4778 415 4801 ²
433 4773 490 4822 MS.
504 4773 555 4823 lias
569 4776 585 4795 “
596 4771 765 4836 eomgnita.''
