3392 5650
699 706 931 772 CAnruiAuv.
1331 706 1373 788 85

261 883 387 966 Joh’ne
419 884 462 948 de
497 884 600 959 Ebor,
636 884 749 948 Rob'o
782 885 952 969 Dispens',
988 885 1101 949 Will’o
1134 886 1373 970 Campanario,

260 987 374 1052 Will'o
400 988 556 1064 Aldreth,
585 988 697 1053 Rob’o
723 989 765 1053 de
792 989 914 1065 Miton,
946 990 1019 1054 Ric.
1047 990 1259 1074 Carpentar’,
1288 990 1373 1075 Rog.

260 1092 370 1165 fabro
391 1099 426 1156 et
445 1092 564 1157 multis
583 1092 668 1157 aliis.
962 1103 973 1115 '

652 1284 987 1367 (mmmm

348 1438 399 1503 Sc.
416 1459 465 1522 pr.
482 1444 517 1502 et
532 1439 596 1502 fut.
612 1438 706 1522 quod
720 1458 783 1522 ego
798 1439 921 1503 Petrus
935 1439 977 1502 de
992 1439 1166 1514 Fikelden,
1183 1439 1374 1503 Canonicus

261 1541 399 1626 Ripon’‚
424 1542 513 1617 dedi,
539 1562 633 1606 conc.
659 1543 749 1606 eth.
775 1562 808 1625 p.
834 1564 862 1606 c.
888 1564 932 1606 m.
959 1543 1047 1606 conf.
1075 1543 1147 1607 Ric.
1175 1543 1308 1607 Blunde
1332 1543 1374 1607 de
1474 1556 1477 1560 '

260 1645 429 1717 Auestia.¹
452 1667 560 1710 vnum
584 1646 713 1709 toftum
742 1667 821 1710 cum
851 1646 1010 1710 domibus
1039 1647 1311 1730 supraedificatis
1339 1646 1374 1710 in

261 1749 506 1835 Staynbrigate
530 1750 565 1813 in
589 1749 672 1813 villa
697 1749 833 1833 Ripon’‚
859 1750 954 1833 quod
977 1750 1120 1834 quidam
1148 1750 1217 1833 (sic)
1245 1750 1375 1814 toftum

260 1846 327 1918 emi
351 1854 393 1917 de
418 1853 548 1917 Rob'to
572 1854 614 1917 de
638 1853 853 1928 Suthewelle,
879 1874 971 1928 coco,
997 1860 1031 1917 et
1055 1859 1107 1917 est
1132 1854 1222 1917 inter
1245 1854 1375 1917 toftum

259 1957 354 2041 quod
376 1958 442 2022 fuit
466 1957 585 2020 Rob’ti
607 1957 637 2020 le
659 1957 784 2039 Sureys
808 1963 843 2020 et
868 1958 997 2022 toftum
1021 1958 1116 2041 quod
1140 1958 1206 2021 fuit
1231 1957 1373 2021 Emaidi

260 2062 376 2145 Discy,
402 2068 471 2125 ten.
497 2067 532 2124 et
556 2061 635 2125 hab.
662 2061 726 2125 eid.
754 2061 826 2125 Ric.
853 2062 981 2125 ether.
1007 2082 1033 2126 s.
1059 2062 1114 2125 vel
1137 2082 1163 2125 s.
1190 2061 1314 2146 assign.
1340 2061 1373 2125 li.

259 2166 329 2250 qui.
351 2166 453 2249 pacis.
474 2171 509 2229 et
529 2165 670 2250 integre,
691 2165 784 2229 redd.
806 2165 885 2229 inde
905 2165 1087 2231 annuatim
1106 2166 1210 2230 michi
1230 2172 1263 2229 et
1283 2186 1373 2230 suco.

259 2290 305 2333 m.
323 2269 358 2333 in
375 2269 551 2352 prebenda
568 2269 682 2351 Ripon
699 2289 766 2352 que
783 2269 961 2353 quondam
978 2269 1045 2334 fuit
1061 2268 1151 2333 Will.
1171 2269 1213 2333 de
1229 2269 1374 2344 Orliens,

259 2373 341 2437 xxd.
361 2373 406 2438 ad
423 2373 510 2438 duos
528 2373 609 2437 anni
628 2379 740 2447 term,
759 2373 840 2473 vid}
860 2373 904 2437 ad
925 2373 1023 2437 Pent.
1039 2373 1096 2437 xd.
1116 2379 1151 2436 et
1170 2373 1214 2437 ad
1232 2373 1255 2437 1.
1276 2373 1308 2438 S.
1329 2373 1373 2437 M.

260 2477 295 2541 in
320 2478 430 2541 hieme
459 2478 528 2552 xd.,
556 2483 590 2541 et
622 2477 657 2541 in
689 2476 852 2541 nundinis
884 2477 950 2541 S'ci
982 2477 1129 2541 Wiliridi
1161 2498 1269 2541 vnum
1300 2498 1375 2541 sex-

259 2582 387 2647 tarium
406 2581 566 2646 cerevisie
586 2602 648 2665 pro
665 2582 758 2645 omni
775 2582 919 2645 servicio
936 2601 1050 2646 exacc.
1069 2601 1161 2645 cons,
1179 2587 1214 2644 et
1231 2581 1374 2646 seculari

246 2686 441 2752 'demanda
490 2687 564 2770 Ego
591 2706 673 2749 vero
700 2692 735 2749 et
762 2705 907 2750 success
937 2706 982 2749 m.
1013 2686 1047 2749 in
1076 2686 1170 2768 pred.
1200 2685 1376 2767 prebenda

259 2791 353 2875 pred.
380 2791 510 2855 toftum
534 2811 613 2855 cum
638 2790 798 2855 domibus
822 2790 1095 2874 supraedificatis
1119 2789 1213 2874 pred.
1241 2789 1313 2854 Ric.
1340 2796 1374 2854 et

259 2897 328 2959 her.
356 2916 382 2960 s.
409 2895 464 2959 vel
490 2896 614 2980 assign.
642 2901 763 2959 contra
789 2915 907 2958 omnes
933 2895 1024 2958 hom.
1052 2914 1131 2958 war.
1160 2900 1194 2957 et
1220 2894 1286 2959 def.
1314 2915 1375 2978 per

259 2999 440 3064 servicium
453 3005 693 3064 memoratum.
743 3000 788 3062 Et
802 3005 841 3062 vt
856 3000 917 3062 hec
930 3019 1007 3063 mea
1020 2998 1175 3072 donacio
1189 2999 1372 3073 concessio

259 3110 294 3167 et
326 3110 421 3170 carte
456 3104 675 3168 confirmacio
706 3124 800 3187 perp.
834 3105 940 3167 robur
974 3103 1155 3186 optineant
1187 3103 1372 3176 firmitatis,
1412 3134 1415 3143 ·

259 3215 453 3291 presentem
466 3215 599 3272 cartam
612 3209 672 3293 sig.
687 3208 754 3271 mei
767 3207 957 3272 munimine
974 3207 1144 3271 roboraui.
1193 3207 1236 3270 H.
1252 3213 1277 3270 t.
1293 3206 1374 3270 d'no

260 3310 349 3377 Gali.
372 3313 413 3376 de
435 3312 548 3387 Lard',
570 3312 651 3376 d'no
671 3311 777 3376 Galir.
800 3312 842 3376 de
864 3311 1034 3386 Bokland,
1057 3311 1187 3395 Mag'ro
1207 3310 1310 3375 Walt’
1332 3311 1375 3375 de

261 3416 397 3492 Hedon,
417 3416 499 3481 d’no
518 3416 603 3500 Rog.
624 3417 717 3481 dela
736 3415 837 3498 Leye,
857 3415 939 3479 d'no
958 3415 1107 3480 Patricio
1126 3415 1167 3479 de
1186 3414 1372 3498 Westwyk‚

259 3521 342 3585 d’no
378 3520 466 3584 Rob’
503 3521 546 3585 de
581 3521 746 3605 CoygenS,
783 3520 865 3584 d’no
902 3519 975 3584 Ric’
1013 3519 1055 3583 de
1091 3519 1261 3602 Stotvyle‚
1299 3518 1372 3583 Ric¹

260 3625 445 3708 Capellano
464 3625 506 3689 de
527 3625 669 3690 Kardol’
693 3625 748 3706 (?),
769 3624 907 3688 Simone
926 3624 1077 3694 Castlok.
1098 3630 1132 3687 et
1152 3623 1236 3688 aliis.

650 3818 738 3901 (130)
766 3817 822 3881 DE
849 3833 985 3881 nonen.

348 3973 450 4038 Omn.
477 3973 521 4038 ad
545 3993 632 4058 quos
656 3993 706 4056 pr.
732 3992 794 4035 scr.
821 3971 1025 4055 peruenerit,
1052 3971 1162 4054 Capit.
1190 3971 1256 4035 S'ci
1280 3971 1372 4036 Wilf.
1435 3977 1550 4023 c-12²²3·

262 4077 400 4161 Ripon'‚
430 4098 478 4142 sa.
510 4077 545 4141 in
583 4077 684 4141 D'n0.
741 4075 886 4140 Nouerit
922 4075 1016 4139 vniu.
1054 4082 1170 4140 vestra
1206 4076 1372 4160 Mag'rum

261 4181 388 4246 Will’m
419 4181 461 4245 de
490 4181 634 4256 Orliens,
665 4181 807 4244 fratrem
838 4186 873 4243 ct
903 4179 1173 4244 concanonicum
1204 4186 1373 4256 nostrum,

261 4286 338 4350 ded.
366 4306 460 4350 conc.
489 4284 644 4350 Gamello
670 4285 869 4348 Teudeman
896 4290 930 4347 et
957 4286 1026 4348 her.
1055 4305 1080 4348 s.
1109 4305 1217 4349 vnum
1245 4285 1374 4349 toftum

261 4390 296 4455 in
316 4390 540 4475 Staynbrigat
559 4390 653 4475 quod
671 4389 759 4453 iacet
778 4389 868 4453 inter
886 4389 1015 4452 toftum
1043 4389 1104 4471 (41)
1126 4388 1229 4453 Walt'
1250 4388 1375 4473 Sureys
1446 4382 1545 4443 stayn-

261 4500 296 4558 et
320 4494 451 4558 toftum
475 4494 605 4558 Emald
630 4494 671 4557 de
696 4493 796 4557 Disce
821 4493 865 4557 ad
889 4494 983 4576 preb.
1009 4513 1108 4556 suam
1132 4492 1374 4576 pertinentem,
1437 4448 1544 4510 bugate

262 4599 400 4663 tenend.
424 4599 466 4663 de
488 4598 546 4662 illo
567 4605 602 4662 et
624 4598 666 4662 de
688 4619 777 4663 succ.
800 4617 826 4662 s,
851 4596 944 4661 dicto
966 4595 1121 4661 Gamello
1143 4603 1177 4661 et
1200 4597 1269 4662 her.
1293 4618 1318 4662 S.
1342 4599 1375 4663 li.

334 4801 341 4824 ¹
362 4798 488 4862 Reading
502 4797 643 4848 doubtful.
