3392 5650
584 707 678 774 Aors
702 727 746 774 or
770 708 949 778 Cnxrrnn.

365 890 452 973 (245)
476 888 708 954 Arrnoaxcro
729 907 955 955 rnsrxunxn
977 908 1155 957 rnrnrcrr.

300 1055 340 1118 In
362 1054 425 1118 Dei
445 1054 593 1130 nomine,
614 1056 735 1121 Amen.
783 1056 957 1121 Vniuersis
977 1057 1044 1121 s'ce
1064 1058 1184 1122 matris
1205 1058 1318 1122 eccl'ie

210 1158 289 1241 filijs
309 1165 428 1243 pateat
448 1180 508 1243 per
527 1165 700 1243 presentes
719 1160 813 1245 quod
832 1181 895 1224 nos
915 1161 1113 1245 Capitulum
1132 1163 1211 1226 eccl.
1233 1162 1315 1227 Coll.

212 1262 348 1346 Ripon',
376 1283 512 1347 presens
539 1269 787 1329 testamentum
813 1285 928 1329 coram
954 1286 1135 1330 causarum
1161 1266 1318 1331 auditore

210 1367 288 1431 eccl.
330 1368 506 1452 collegiata
548 1368 722 1432 Beuerlaci
762 1369 826 1433 rite
867 1375 901 1433 et
941 1370 1091 1455 legitime
1132 1371 1318 1454 probatum

209 1472 371 1536 vicesimo
400 1472 455 1536 die
485 1473 610 1536 mensis
641 1472 757 1556 Marcij
791 1474 826 1537 in
856 1473 959 1538 domo
989 1481 1107 1538 nostra
1137 1475 1318 1558 capitulari

211 1575 335 1659 Ripon’
361 1577 640 1660 approbauimus,
666 1583 700 1641 et
724 1577 874 1642 Will'mo
899 1577 1060 1661 Hidwyn,
1086 1579 1259 1643 executori
1283 1580 1318 1643 in

208 1680 301 1744 dicto
333 1686 542 1745 testamento
573 1682 762 1759 nominato
792 1681 1129 1746 administracionem
1160 1683 1316 1747 omnium

208 1785 377 1849 bonorum
423 1786 506 1849 dicti
552 1786 706 1850 detuncti
752 1786 841 1850 infra
887 1786 1159 1851 iurisdiccionem
1205 1788 1315 1852 n'ram

208 1889 433 1954 existencium
469 1890 504 1954 in
542 1890 652 1953 forma
688 1890 949 1954 constitucionis
985 1910 1087 1974 super
1123 1891 1188 1955 hoc
1225 1891 1316 1956 edite

207 1994 441 2057 concedentes.
490 1993 593 2058 Salua
627 1994 726 2057 nobis
759 1999 934 2077 potestate
969 1995 1122 2058 Roberto
1155 1995 1315 2059 Whitton

206 2098 379 2162 executori
396 2098 431 2161 in
447 2098 540 2162 dicto
555 2103 765 2162 testamento
781 2098 961 2162 nominato
978 2098 1314 2163 administracionem

206 2202 408 2267 comittendi
430 2223 509 2267 cum
530 2223 607 2267 eam
629 2202 812 2267 admittere
833 2202 990 2267 voluerit.
1040 2204 1080 2267 ln
1102 2224 1129 2267 c.
1153 2224 1178 2268 r.
1203 2209 1227 2268 t.
1251 2204 1311 2288 sig.

206 2329 239 2371 n.
258 2328 344 2391 pres
364 2314 416 2371 est
434 2328 634 2391 appensum.
683 2307 763 2371 Dat.
783 2307 818 2371 in
835 2307 891 2371 do.
910 2307 985 2371 n'ra
1003 2307 1059 2372 Ca.
1079 2307 1241 2372 vicesimo
1258 2308 1313 2372 die

206 2433 311 2476 mens.
336 2411 451 2495 Marcij
477 2412 578 2476 Anno
600 2412 681 2476 D'ni
704 2411 821 2476 Mill’io
842 2426 961 2477 ccccm⁰
982 2411 1124 2476 decimo.

208 2638 295 2721 (246)
315 2640 562 2703 Pnornsrncro
579 2638 711 2702 Mno’nr
727 2638 847 2720 Jon'1s
863 2638 1010 2702 Sourax
1027 2656 1074 2701 on
1091 2656 1310 2705 nnsmnxoo

294 2818 554 2883 Memorandum
564 2818 658 2903 quod
670 2818 831 2904 Magister
841 2817 959 2900 Joh’es
970 2818 1109 2902 Soulby,
1122 2818 1313 2885 Canonicus

205 2924 283 2988 eccl.
318 2924 399 2988 Coll.
435 2923 571 3007 Ripon',
606 2923 659 2988 Pr.
694 2924 787 3006 preb.
816 2922 859 2986 de
892 2923 1087 2987 Scharrowe
1118 2924 1152 2988 in
1180 2924 1310 2999 eadem,

204 3028 300 3092 venit
313 3028 348 3091 in
361 3028 503 3092 domum
520 3027 751 3110 Capitularem
764 3027 799 3091 in
812 3027 901 3090 testo
915 3026 1071 3092 Annunc.
1088 3027 1126 3092 B.
1140 3028 1183 3092 M.
1196 3048 1312 3092 coram

205 3133 398 3197 reuerendis
419 3132 500 3196 viris
522 3132 651 3216 Mag'ro
672 3130 822 3195 Will'mo
843 3130 969 3195 Cawod
989 3137 1024 3194 et
1045 3131 1127 3196 d'no
1148 3132 1248 3215 Joh'e
1269 3132 1312 3197 de

205 3238 310 3312 Deen,
328 3237 419 3301 dicte
436 3236 548 3300 eccl'ie
565 3235 754 3310 Canonicis,
772 3235 816 3300 ad
834 3241 918 3300 tunc
934 3235 1061 3300 ibidem
1076 3237 1313 3320 capitulariter

203 3342 417 3426 congregatis
447 3347 481 3405 et
512 3340 710 3424 Capitulum
741 3339 957 3415 iacientibus,
988 3346 1023 3404 et
1053 3341 1313 3424 protestabatur

203 3467 239 3510 se
256 3446 342 3510 velle
359 3467 457 3510 suam
476 3444 698 3509 residenciam
715 3444 862 3527 incipere
880 3443 924 3508 ad
941 3443 1079 3508 laudem
1096 3450 1131 3508 et
1148 3445 1312 3509 honorem

203 3550 267 3615 Dei
291 3556 326 3615 et
350 3550 498 3624 ecclesie,
523 3549 683 3613 videlicet
707 3549 743 3612 in
767 3549 856 3612 festo
881 3547 1086 3613 Natiuitatis
1111 3549 1177 3613 S'ci
1201 3549 1312 3631 Joh'is

204 3655 306 3739 Bapt.
328 3655 383 3718 vel
402 3655 437 3718 in
457 3653 591 3719 octabis
610 3652 762 3717 eiusdem
782 3653 872 3728 festi,
893 3674 962 3736 qua
982 3653 1233 3736 protestacione
1253 3674 1313 3737 per

202 3759 393 3843 capitulum
426 3758 576 3823 admissa
608 3757 801 3821 iniunctum
834 3757 900 3821 luit
933 3757 997 3820 sibi
1029 3777 1090 3840 per
1120 3757 1311 3840 capitulum

202 3863 295 3947 quod
315 3864 350 3927 in
370 3863 424 3927 die
444 3861 685 3946 prenominato
704 3861 837 3924 veniret
859 3860 903 3924 ad
923 3860 1114 3944 capitulum
1134 3861 1169 3924 in
1189 3861 1312 3926 habitu

202 3968 295 4032 chori
308 3967 353 4031 ad
368 3967 545 4051 preciosa,1
565 3971 600 4029 et
617 3985 715 4029 suam
728 3970 857 4029 extunc
869 3964 1033 4048 inciperet
1046 3970 1080 4028 et
1093 3965 1311 4029 continuaret

202 4071 424 4136 residenciam
443 4076 547 4155 prout
566 4076 618 4133 est
637 4068 680 4132 de
699 4089 803 4143 more,
823 4088 898 4143 vsu,
920 4074 954 4132 et
974 4068 1197 4133 obseruancia
1215 4074 1250 4132 et
1269 4068 1311 4133 de

201 4176 344 4240 statutis
372 4174 485 4240 eccl'ie
514 4173 722 4238 ordinatum.
774 4172 863 4236 Acta
891 4178 973 4237 sunt
1001 4173 1063 4236 hec
1091 4171 1146 4236 die
1174 4177 1209 4236 et
1237 4173 1311 4237 loco

201 4279 407 4364 supradictis
424 4280 526 4342 Anno
544 4278 625 4342 D’ni
644 4277 797 4340 Mill'imo
815 4275 1153 4361 quadringentesimo
1171 4283 1311 4360 quarto·

200 4384 333 4448 decimo
378 4384 573 4467 incipiente,
620 4381 835 4465 presentibus
881 4380 962 4445 d’no
1007 4380 1108 4462 Joh'e
1155 4381 1311 4446 Redenes

201 4488 490 4554 Subthezaurario
512 4486 626 4551 eccl'ie
648 4493 682 4550 et
705 4486 806 4568 Joh'e
828 4486 986 4561 Screuen,
1009 4505 1088 4549 cum
1110 4485 1196 4569 alijs

270 4716 277 4738 ¹
297 4712 341 4759 An
359 4710 437 4760 office
453 4726 485 4759 so
497 4711 594 4768 called,
609 4711 669 4760 said
683 4711 755 4760 after
769 4711 861 4760 Prime
874 4711 902 4759 in
916 4711 964 4759 the
978 4711 1101 4774 Chapter
1115 4709 1220 4760 House.
1259 4712 1309 4760 See

198 4793 290 4856 Rapon
304 4791 419 4855 Chapter
432 4790 505 4848 Acts,
523 4793 573 4853 287
583 4807 611 4841 n.

1370 1076 1497 1125 1410-11.

1366 1132 1434 1181 Mar.
1451 1146 1492 1180 20.

1390 2839 1465 2886 ¹414,

1347 2892 1506 2956 incipiente,

1361 2960 1429 3008 Mar.
1448 2970 1488 3021 25.
