3392 5650
328 729 372 792 40
604 707 688 771 Tne
714 706 868 771 luounu
895 703 1154 769 Manuscnn’r.

329 884 494 948 dominus
525 895 672 966 occupat
702 883 755 946 vel
788 880 864 945 eius
891 892 1047 944 tenentes
1078 900 1118 942 ea
1145 900 1213 961 que
1242 877 1433 960 Capeliano

331 984 500 1067 pertinere
528 983 703 1060 deberent,
734 1002 776 1045 eo
807 981 901 1063 quod
935 980 1049 1043 nullas
1078 978 1144 1040 iarn
1174 978 1299 1041 habeat
1326 990 1433 1040 terras

331 1082 422 1146 vnde
439 1082 710 1165 hospitalitatem
728 1094 869 1157 teneret,
889 1100 1091 1163 quanquam
1113 1078 1223 1142 eidem
1242 1076 1433 1160 Capeliano

332 1184 366 1246 in
384 1204 449 1246 sua
466 1182 577 1265 prima
593 1181 802 1246 fundacione
821 1194 893 1245 tota
916 1194 1005 1245 terra
1030 1178 1150 1261 ipsius?
1162 1176 1272 1261 Joh’is
1292 1176 1432 1240 Russcll

332 1283 374 1347 de
408 1281 590 1347 Disceford
622 1304 727 1365 quam
768 1282 835 1345 iam
877 1281 966 1345 idem
1007 1279 1171 1343 dominus
1208 1277 1330 1341 retinet
1368 1276 1432 1359 ipsi

266 1449 268 1451 ,
332 1383 514 1467 assignata
529 1381 641 1446 fuerit.

735 1483 805 1565 (45)
832 1482 1033 1545 Nuuwnrn.

164 1653 180 1685 c
207 1652 214 1683 1
251 1652 274 1684 0,
377 1606 503 1688 (Grant
519 1605 558 1669 of
578 1606 658 1685 land
680 1605 730 1669 for
746 1627 766 1668 a
782 1605 905 1688 chapel
924 1607 969 1689 by
986 1602 1124 1698 Walter
1140 1602 1182 1665 de
1201 1600 1389 1683 Nunwyk).

423 1731 563 1795 Printed
585 1730 672 1795 from
691 1730 749 1794 the
768 1730 1007 1814 Darnbrough
1028 1727 1105 1793 MS.
1127 1726 1160 1789 in
1179 1725 1286 1789 Mem.
1307 1725 1432 1806 Rzpon,

335 1831 361 1908 1,
391 1851 463 1895 200.
537 1830 679 1915 Ingilby
708 1831 785 1895 MS.
818 1831 881 1894 has
906 1831 963 1893 the
989 1830 1163 1915 readings,
1199 1828 1435 1913 “Nunwyk,’'

336 1937 358 1965 “
373 1930 637 2006 KirltestakeS‚'’
658 1935 680 1964 “
693 1929 823 2007 Yore,''
840 1930 908 1993 and
930 1935 952 1964 “
968 1929 1151 1993 Eleman.''

743 2082 813 2163 (46)
839 2080 1028 2144 Nuuwvn.

164 2282 179 2315 c
206 2282 213 2313 Ι
250 2282 273 2314 0·
387 2207 513 2289 (Grant
529 2207 568 2270 oi
581 2206 661 2270 land
680 2205 731 2270 for
747 2228 768 2268 a
784 2206 907 2288 chapel
926 2208 971 2290 by
992 2205 1113 2290 Roget
1130 2205 1172 2269 de
1191 2203 1378 2287 Nunwyk).

422 2332 562 2396 Psinted
588 2331 675 2396 from
693 2332 752 2395 the
770 2332 1011 2417 Darnbrough
1031 2332 1108 2394 MS.
1130 2331 1162 2394 in
1181 2330 1288 2393 Mem.
1310 2329 1434 2409 Ripon,

335 2434 361 2509 l,
395 2452 464 2513 199.
534 2432 676 2516 Ingilby
710 2431 787 2495 MS.
816 2431 880 2495 has
908 2432 966 2495 the
1001 2430 1164 2514 readings
1200 2426 1437 2513 “Nunwyk,''

335 2530 518 2607 “Elene,'’
551 2530 841 2608 “ScortbutteS‚”
878 2528 1303 2615 “Langwathbothemi‚''
1340 2529 1437 2590 “Al-

334 2630 450 2709 man‚''
472 2638 494 2665 ‘¹
506 2629 702 2715 Wigetat.”

334 2765 373 2835 17
393 2775 424 2818 v.
757 2755 828 2838 (47)
855 2754 1016 2817 Huwrn.

508 2880 670 2962 (Licence
687 2879 739 2944 for
754 2881 877 2963 chapel
895 2893 929 2943 at
948 2881 1078 2965 Bridge
1096 2880 1266 2961 Hewick).

425 3004 566 3069 Printed
598 3005 683 3069 from
720 3001 960 3090 Darnbrough
995 3006 1072 3070 MS.
1103 3006 1136 3068 in
1169 3005 1275 3068 Mem.
1312 3004 1436 3086 lr'r'pon9

338 3105 364 3183 I,
394 3125 465 3167 202.
532 3104 673 3189 lngilby
701 3104 778 3168 MS.
807 3105 870 3168 has
898 3105 956 3169 the
982 3106 1147 3190 readings
1176 3101 1439 3188 “Pinkneyg‚''

340 3209 361 3238 ‘⁶
379 3202 580 3289 Banbyry,''
609 3209 630 3239 “
645 3204 828 3269 Aldreth.''
1529 3219 1532 3226 '

338 3340 384 3403 18.
716 3342 786 3423 (48)
811 3340 1057 3404 Gssunuuntu.

637 3464 869 3548 (Agrecment
884 3463 936 3529 for
952 3487 972 3527 a
988 3466 1137 3548 chapel).

123 3610 176 3642 ee
214 3594 320 3640 'rr-era.
424 3588 601 3653 Omnibus
639 3588 839 3653 videntibus
877 3601 910 3652 et
947 3589 1170 3654 audientibus
1210 3590 1272 3653 has
1312 3589 1437 3664 literaS,

338 3687 458 3752 Will’s
475 3688 599 3766 ward,
623 3690 783 3752 salutern.
833 3689 961 3754 Sciatis
987 3690 1080 3771 quod
1103 3690 1149 3753 ita
1169 3689 1334 3754 conuenit
1355 3688 1442 3751 inter

337 3787 535 3852 Canonicos
556 3788 598 3851 de
621 3788 739 3871 Ripon
762 3801 795 3852 et
812 3810 867 3853 me
888 3791 981 3871 quod
1004 3790 1070 3873 ipsi
1088 3801 1334 3854 concesserunt
1355 3787 1440 3850 mihi

336 3887 505 3951 ethered.
531 3909 574 3950 m.
599 3888 726 3953 habere
751 3890 920 3972 capellam
942 3890 1035 3972 apud
1058 3890 1259 3955 Geuendale
1279 3901 1311 3953 et
1330 3888 1443 3969 capel-

208 4005 210 4012 ’
337 3987 455 4049 lanum
502 3987 711 4052 seruientem
752 3989 892 4066 ibidem,
938 3991 1038 4054 saluo
1085 3990 1118 4053 in
1163 3990 1327 4053 omnibus
1370 3988 1443 4051 iure

338 4088 526 4171 parochiali
560 4091 626 4153 sub
659 4090 722 4154 hac
753 4089 874 4167 forma,
909 4091 1003 4174 quod
1034 4112 1103 4176 ego
1130 4091 1180 4154 eis
1212 4089 1440 4171 Capellanum

339 4190 546 4270 presentabo
572 4203 758 4272 antequam
786 4190 860 4272 ipse
886 4190 919 4252 in
946 4189 1077 4273 prefata
1100 4190 1234 4272 capella
1258 4187 1439 4251 ministret.

337 4286 471 4371 Jurabit
488 4290 540 4366 (as
558 4289 593 4350 in
609 4310 687 4352 case
701 4288 742 4370 of
750 4289 898 4364 Hutton,
913 4297 949 4371 p.
963 4307 1022 4375 37.
1037 4297 1069 4353 to
1088 4294 1111 4324 ‘⁸
1124 4287 1312 4373 colliget'‘).
1365 4286 1443 4370 Ego

338 4399 452 4450 autern
479 4386 683 4452 Willelmus
710 4401 743 4452 et
771 4389 886 4452 hered.
916 4390 982 4453 mei
1006 4411 1084 4454 cum
1110 4388 1241 4451 familia
1267 4399 1383 4451 nostra
1409 4386 1441 4448 in

340 4485 433 4568 pred.
469 4486 579 4550 tribus
618 4489 923 4571 solempnitatibus
962 4490 1004 4552 ad
1045 4489 1221 4552 matricem
1262 4486 1441 4552 ecclesiam

338 4585 530 4648 veniemus.
581 4584 700 4649 Cetere
732 4609 813 4652 vero
846 4589 1056 4671 parochiano
1092 4589 1331 4672 prenominato
1363 4587 1444 4650 ville

340 4684 373 4746 in
406 4683 474 4748 hiis
505 4685 810 4768 solempnitatibus
842 4689 983 4752 venient
1013 4689 1056 4752 ad
1089 4701 1245 4766 matrem,
1280 4688 1353 4752 scil.
1388 4686 1444 4749 die

338 4785 391 4865 (as
415 4785 451 4846 in
472 4806 550 4848 case
570 4784 612 4868 os
626 4785 775 4861 Hutton,
796 4796 833 4870 p.
855 4786 929 4872 38).
1003 4788 1082 4873 Ego
1106 4788 1224 4852 Will’s
1246 4803 1279 4853 et
1300 4787 1443 4852 heredes
