3392 5650
397 680 461 746 288
684 682 762 747 Tur.
788 682 945 747 lunrrax
969 682 1218 749 Manuscxrer.

396 868 483 925 trem
509 863 581 925 siue
606 862 802 926 ministrum
828 882 1068 947 quemcunque
1095 862 1139 926 ad
1166 863 1306 948 aliquod
1335 864 1442 928 altare
1473 864 1507 927 in

396 966 535 1031 ecclesia
564 974 682 1031 nostra
711 967 792 1031 Coll.
824 967 1001 1031 antedicta
1030 968 1244 1043 celebranda,
1275 969 1395 1032 statim
1425 976 1505 1052 post

397 1073 600 1136 fraccionem
618 1073 728 1135 hostie
745 1079 778 1135 et
796 1072 1077 1136 decantacionem
1096 1072 1160 1135 Per
1172 1073 1287 1136 omnia
1300 1073 1422 1148 secula,
1437 1079 1503 1138 etc.

193 1172 368 1287 fblallrl'lblt
396 1184 430 1241 et
458 1184 538 1241 ante
565 1178 820 1241 incohacionem
849 1177 920 1240 Pax
949 1176 1098 1250 Domini,
1126 1177 1299 1241 celebrans
1325 1178 1407 1262 ipse,
1435 1199 1505 1243 una

219 1277 338 1367 amisay
396 1303 474 1346 curn
500 1282 564 1345 sibi
590 1281 830 1345 assistentibus
856 1281 1020 1344 ministris
1045 1281 1135 1344 inter
1159 1302 1194 1344 se
1219 1288 1253 1345 et
1279 1283 1402 1346 chorus
1428 1302 1505 1365 pro-

194 1371 381 1487 hesempqalms
395 1393 526 1451 stratus
544 1386 709 1460 similiter,
730 1386 819 1449 inter
837 1406 872 1448 se
891 1406 953 1469 pro
972 1385 1084 1449 anime
1103 1391 1216 1449 vestre
1235 1387 1346 1451 salute
1364 1387 1505 1472 singulis

209 1506 351 1566 sufingas.
396 1492 516 1555 diebus
533 1492 788 1574 imperpetuum
806 1490 919 1573 legent
938 1496 971 1552 et
991 1490 1106 1553 dicent
1125 1491 1274 1573 psalmos
1291 1496 1325 1554 et
1342 1491 1504 1576 suffragia

394 1596 585 1680 sequenda,
618 1595 788 1668 videlicet,
821 1595 912 1657 Voce
943 1614 1019 1657 mea
1050 1594 1094 1657 ad
1126 1595 1314 1659 Dominum
1344 1596 1503 1672 clamaui,

394 1707 469 1774 etc,
490 1707 524 1764 et
542 1700 713 1784 psalmum
727 1700 778 1762 De
791 1698 972 1782 profundis
982 1719 1061 1763 curn
1074 1719 1160 1763 vers.
1176 1698 1291 1763 Gloria
1306 1700 1410 1774 Patri,
1425 1706 1503 1776 etc,

393 1804 487 1868 Sicut
518 1810 603 1878 erat,
635 1809 711 1877 etc,
744 1803 789 1866 ad
819 1802 922 1866 finem
953 1803 1132 1886 vtriusque
1163 1804 1296 1886 psalmi,
1327 1824 1397 1868 vna
1422 1825 1503 1869 curn

395 1909 522 1992 Kyriel.
541 1909 660 1992 Xpeel.
679 1907 819 1991 Kyryel.
837 1907 941 1970 Pater
954 1913 1070 1970 noster
1085 1913 1118 1971 et
1133 1907 1207 1971 Aue
1223 1908 1331 1971 Maria
1346 1928 1353 1983 ;
1379 1903 1504 1973 deinde

392 2014 566 2077 celebrans
585 2013 675 2076 dicet
695 2018 729 2075 et
748 2012 872 2075 chorus
890 2017 929 2075 vt
950 2012 1053 2074 moris
1072 2017 1123 2075 est
1142 2012 1373 2095 respondebit,
1393 2014 1440 2078 Et
1459 2034 1503 2078 ne

392 2139 454 2181 nos
490 2118 642 2190 inducas,
680 2122 757 2191 etc,
796 2116 862 2180 Sed
894 2116 999 2180 libera
1035 2137 1097 2180 nos
1129 2138 1150 2180 a
1182 2117 1283 2181 malo,
1333 2118 1502 2201 Requiem

392 2227 556 2296 eternam,
576 2227 640 2285 etc.
688 2222 734 2284 Et
752 2221 811 2284 lux
830 2227 1008 2303 perpetua,
1027 2227 1091 2285 etc.
1139 2221 1414 2304 Aportainferi,
1434 2229 1499 2288 etc.

392 2326 500 2390 Credo
529 2326 645 2389 videre
676 2327 767 2388 bona
798 2325 948 2399 Domini,
981 2332 1044 2389 etc.
1078 2326 1235 2400 Domine,
1267 2326 1402 2401 exaudi,
1435 2334 1499 2392 etc.

391 2432 560 2495 Dominus
604 2430 795 2503 vobiscum,
842 2430 888 2493 Et
926 2450 1005 2521 cum
1043 2430 1165 2513 spiritu
1204 2438 1274 2495 tu0.
1343 2431 1498 2497 Oremus.

389 2536 527 2599 Adiuua
544 2556 606 2599 nos
624 2536 716 2598 Deus
733 2534 895 2599 salutaris
912 2539 1038 2609 noster,
1057 2542 1091 2598 et
1108 2535 1304 2598 beatissime
1321 2536 1500 2619 genetricis

390 2648 448 2704 tue
467 2640 707 2725 gloriosissime
726 2658 859 2721 semper
878 2639 1018 2723 virginis
1038 2640 1142 2703 Marie
1161 2640 1318 2722 precibus
1337 2646 1499 2705 exoratus

390 2746 540 2809 animam
561 2744 680 2809 famuli
700 2743 751 2808 tui
771 2743 874 2828 Regis
893 2743 1032 2806 Henrici
1057 2743 1201 2827 Septimi
1224 2745 1258 2808 in
1283 2745 1498 2810 beatitudine

388 2851 595 2934 sempiterne
614 2850 698 2939 lucis
716 2849 889 2912 constitue
908 2869 968 2931 per
987 2848 1091 2940 Xpm,
1112 2855 1176 2914 etc.

205 2994 294 3043 When
308 2995 349 3070 hi*
477 2993 644 3056 Volumus
672 2991 812 3072 insuper
839 2996 873 3052 et
902 3009 962 3072 per
990 2995 1163 3072 presentes
1191 2990 1408 3056 concedimus
1436 3012 1498 3075 pro

191 3063 373 3179 ,Ᾰὲῗῗᾎὲἶνῃ
388 3098 487 3160 nobis
515 3103 549 3159 et
577 3095 829 3159 successoribus
857 3094 992 3169 nostris
1021 3093 1115 3178 quod
1143 3115 1221 3158 cum
1250 3096 1364 3161 obitus
1391 3098 1498 3160 vestri

206 3200 290 3311 l‘l'lusv
304 3210 362 3310 lie
389 3202 460 3265 dies
481 3201 579 3265 nobis
600 3199 828 3264 denunciatus
849 3219 908 3262 seu
929 3198 1157 3282 quouismodo
1178 3201 1359 3284 congnitus
1381 3201 1495 3277 fuerit,

191 3278 313 3378 illicesldr
326 3329 374 3376 tne
388 3306 422 3370 in
442 3306 562 3370 eodem
582 3305 636 3368 die
655 3303 682 3367 si
702 3303 882 3368 commode
901 3303 972 3366 fieri
992 3303 1129 3386 poterit,
1152 3304 1303 3388 alioquin
1323 3326 1419 3388 prox.
1441 3305 1496 3370 die

191 3398 274 3513 ²22³}
289 3397 363 3510 ἓξὲξ
388 3417 552 3494 sequente
580 3409 813 3492 exequiarum,
843 3407 1002 3473 Officium
1031 3428 1109 3471 curn
1137 3429 1262 3473 novem
1290 3409 1496 3475 leccionibus

191 3502 367 3607 ›inequieni
390 3536 429 3579 ac
460 3514 645 3587 Laudibus,
677 3519 711 3575 et
741 3513 849 3575 eciam
881 3512 983 3575 Missa
1012 3512 1054 3575 de
1085 3513 1252 3596 Requiem
1281 3514 1316 3579 in
1346 3515 1497 3580 crastino

191 3595 366 3719 ξῆξοζξθξζξι
390 3625 473 3684 tunc
489 3624 663 3703 sequente,
681 3637 760 3680 cum
776 3616 981 3700 specialibus
998 3617 1147 3680 collectis
1163 3639 1288 3682 nomen
1304 3619 1496 3684 maiestatis

388 3732 501 3788 vestre
544 3721 825 3805 exprimentibus
864 3741 933 3784 vna
970 3741 1048 3786 curn
1085 3721 1251 3786 vniuersis
1295 3723 1416 3787 ceteris
1460 3730 1494 3788 et

388 3829 527 3913 singulis
555 3826 780 3901 oracionibus
810 3825 992 3909 suffragiis,
1021 3826 1217 3902 luminibus,
1247 3847 1495 3911 campanarum

387 3932 652 4017 pulsacionibus,
674 3937 709 3994 et
730 3929 807 4012 alijs
827 3930 862 3993 in
884 3930 948 3993 hac
969 3935 1067 4013 parte
1087 3931 1259 4014 requisitis
1279 3937 1315 3995 et
1335 3933 1495 3998 conueni-

386 4038 534 4112 entibus
561 4056 640 4100 cum
665 4042 749 4099 nota
775 4040 848 4097 tam
874 4034 1096 4116 solempniter
1121 4040 1156 4098 et
1182 4035 1307 4100 deuote
1332 4038 1495 4101 celebrari

386 4143 561 4216 iaciemus,
580 4141 669 4204 sicut
687 4138 780 4203 aliud
798 4138 1021 4222 exequiarum
1039 4139 1188 4203 officium
1206 4140 1259 4204 vel
1278 4146 1493 4206 mortuorum

385 4245 558 4330 exequias,
581 4243 789 4328 quicumque
811 4242 939 4306 tuerint
961 4242 995 4306 in
1018 4242 1146 4307 Eccl’ia
1167 4250 1286 4310 nostra
1307 4244 1493 4330 Collegiata

386 4350 571 4423 antedicta,
592 4347 800 4430 solempnius
822 4352 857 4410 et
878 4346 1039 4410 deuocius
1066 4347 1235 4412 celebrare
1259 4354 1416 4414 tenemur
1437 4351 1493 4414 vel

384 4455 553 4520 celebrare
572 4451 823 4517 consueuimus.

474 4597 515 4660 In
532 4616 560 4661 c.
579 4616 605 4661 r.
625 4600 650 4660 t.
670 4595 817 4679 sigillum
835 4600 993 4658 nostrum
1010 4614 1191 4659 commune
1208 4597 1423 4680 presentibus
1441 4602 1493 4661 est

385 4721 586 4787 appensum.
634 4700 715 4764 Dat.
761 4699 795 4763 in
839 4699 943 4763 domo
986 4705 1105 4763 nostra
1149 4699 1347 4783 Capitulari,
1391 4702 1493 4769 Anno

384 4806 524 4873 Domini
543 4805 684 4869 Mill'mo
703 4804 977 4889 quingentesimo
996 4804 1129 4888 quinto,
