3392 5650
163 982 279 1031 &1²33-

332 667 375 753 78
619 670 698 736 Tur
723 672 880 737 Incursu
903 672 1150 739 Miroscnpr.

719 851 806 935 (115)
834 852 890 916 Du
915 868 1053 917 uoueri.

417 965 519 1030 Omn.
547 966 605 1050 xpi
637 966 693 1031 fid.
721 967 766 1031 ad
796 988 884 1052 quos
915 988 964 1052 pr.
992 988 1054 1032 scr.
1087 969 1292 1051 peruenerit,
1321 969 1373 1052 (36
1393 971 1437 1051 ν.)

330 1068 452 1133 Petrus
477 1070 519 1133 de
546 1069 763 1135 Richemund
786 1078 820 1136 et
844 1072 958 1158 Agnes
981 1093 1069 1136 vxor
1091 1073 1173 1147 eius,
1200 1094 1248 1138 sa.
1277 1074 1311 1137 in
1337 1073 1437 1137 D’no·

328 1171 502 1238 Noueritis
524 1195 586 1239 nos
609 1175 751 1251 dedisse,
769 1197 877 1251 conc„
898 1182 933 1241 et
955 1197 988 1260 p.
1013 1198 1041 1241 c.
1065 1177 1155 1242 conf.
1181 1177 1254 1241 Deo
1277 1184 1311 1241 et
1334 1178 1367 1243 b.
1394 1177 1438 1244 M.

327 1277 372 1341 ad
395 1285 479 1343 sust.
504 1280 681 1344 luminaris
704 1280 749 1344 ad
772 1280 880 1345 altare
903 1282 956 1345 be.
975 1281 1080 1345 Marie
1103 1281 1138 1346 in
1161 1282 1281 1346 maiori
1305 1282 1384 1346 eccl.
1403 1283 1436 1346 b.

327 1381 435 1447 Wilfr.
459 1382 597 1467 Ripon’,
619 1389 734 1449 toturn
755 1385 806 1449 ius
827 1391 862 1449 et
882 1385 1044 1449 clamium
1064 1386 1159 1470 quod
1179 1386 1363 1451 habuimus
1384 1387 1438 1450 vel

327 1486 452 1551 habere
476 1489 665 1571 poterimus
688 1489 723 1552 in
746 1509 816 1552 vno
840 1489 932 1553 tofto
955 1490 989 1553 in
1015 1489 1185 1574 Skellcgat
1209 1510 1288 1554 cum
1312 1490 1435 1574 pertin.

325 1591 420 1674 quod
434 1592 521 1656 iacet
536 1593 625 1657 inter
638 1593 780 1657 domum
793 1599 948 1658 nostram
962 1600 996 1658 et
1011 1593 1153 1658 domum
1166 1593 1241 1658 Ade
1254 1594 1435 1670 Tinctoris,

326 1694 419 1760 dicto
438 1696 609 1772 luminari,
632 1703 700 1763 ten.
722 1704 757 1762 et
777 1699 857 1763 hab.
878 1698 911 1762 li.
934 1698 1074 1781 pacific‘e
1094 1704 1129 1762 et
1148 1699 1274 1783 quiete.
1323 1698 1434 1762 Redd.

325 1799 404 1864 inde
426 1802 607 1866 annuatim
628 1803 727 1866 nobis
748 1808 782 1866 et
804 1803 874 1867 her.
898 1824 930 1866 n.
954 1802 1064 1887 viijd.,
1086 1823 1132 1867 sc.
1156 1803 1245 1868 med.
1269 1803 1313 1868 ad
1336 1804 1433 1868 Pent.

324 1909 359 1967 et
380 1906 469 1970 med.
492 1906 537 1971 ad
558 1907 581 1971 f.
605 1907 637 1971 S.
661 1907 704 1971 M.
728 1928 790 1991 pro
811 1927 902 1972 omn.
925 1907 1075 1972 seruiciis
1096 1907 1199 1971 michi
1220 1908 1275 1972 vel
1296 1908 1365 1971 her.
1389 1929 1433 1972 m.

324 2010 587 2092 pertinentibus,
619 2012 653 2075 in
683 2016 900 2095 perpetuum.
948 2010 1019 2075 Nos
1049 2031 1132 2076 vero
1161 2011 1246 2076 dicti
1277 2011 1367 2077 Petr.
1399 2018 1435 2076 et

323 2113 437 2199 Agnes
460 2121 495 2179 et
519 2115 588 2180 her.
613 2136 647 2180 n.
673 2136 752 2180 war.
778 2121 813 2179 et
837 2116 903 2179 def.
930 2115 1023 2199 pred.
1050 2116 1129 2180 tort.
1155 2115 1249 2200 pred.
1274 2117 1434 2181 luminari

324 2217 358 2282 in
385 2239 479 2303 perp.
529 2221 569 2284 In
597 2221 698 2285 huius
726 2226 842 2285 autem
870 2220 917 2284 rei
940 2226 1018 2285 test.
1040 2220 1100 2306 sig.
1119 2227 1238 2285 nostra
1264 2221 1343 2285 huic
1370 2241 1433 2286 scr.

323 2325 556 2408 apposuimus,
605 2326 680 2389 Hiis
711 2326 868 2400 testibus,
900 2325 982 2389 d'no
1013 2324 1116 2389 Petro
1145 2325 1187 2389 de
1218 2325 1320 2408 Eyuil
1351 2332 1435 2390 tunc

322 2428 450 2493 balliuo
473 2429 611 2513 Ripon’,
635 2430 765 2494 Rob'to
787 2429 829 2493 de
852 2429 1024 2513 Nunwyk,
1047 2429 1181 2494 Thoma
1203 2429 1279 2505 Yol,
1304 2428 1434 2494 Roh’to

323 2532 492 2616 Dispens',
513 2533 638 2617 Joh’ne
658 2534 699 2597 de
719 2534 823 2608 Ebor,
845 2533 930 2618 Rog.
952 2534 1122 2608 Tinctore,
1143 2532 1232 2598 Gilb.
1253 2534 1431 2609 vineterio‚

322 2636 411 2702 Gilb.
433 2638 522 2712 Rok,
542 2644 576 2702 et
596 2638 714 2703 multis
733 2639 816 2703 aliis.

710 2780 798 2865 (116)
826 2781 882 2845 ΒΕ
906 2798 1044 2846 EODEM.

410 2899 584 2964 Vniuersis
607 2900 666 2984 xpi
689 2898 746 2964 fid.
772 2899 816 2965 ad
839 2920 926 2984 quos
949 2920 999 2983 pr.
1024 2920 1086 2964 scr.
1111 2899 1316 2984 peruenerit,
1340 2900 1430 2966 Will.

322 3003 367 3068 111.
386 3003 487 3068 Will’i
501 3004 543 3069 de
560 3004 710 3089 Corbrig,
728 3004 884 3069 salutem.
931 3003 1076 3068 Nouerit
1091 3004 1298 3070 vniuersitas
1315 3011 1430 3071 vestra

321 3128 375 3171 me
392 3108 507 3173 diuine
523 3109 663 3195 pietatis
679 3109 809 3173 intuitu
826 3114 861 3172 et
877 3129 939 3192 pro
955 3129 1003 3173 sa.
1022 3129 1076 3173 an.
1095 3130 1140 3173 m.
1155 3114 1190 3173 et
1204 3115 1368 3174 antecess.
1383 3131 1428 3175 rn.

320 3212 409 3288 ded,
436 3208 543 3289 conc,
569 3219 604 3277 et
629 3214 662 3278 h.
690 3234 722 3296 p.
749 3234 778 3277 c.
805 3213 894 3277 conf.
922 3213 996 3277 Deo
1021 3218 1056 3276 et
1081 3213 1114 3278 b.
1143 3213 1247 3278 Marie
1273 3214 1318 3278 ad
1343 3221 1427 3279 sust.

320 3316 449 3381 Mathei
482 3317 655 3401 Capeliani
688 3323 723 3381 et
755 3337 844 3381 succ.
879 3317 951 3381 eius
983 3317 1205 3401 solempniter
1237 3323 1271 3381 et
1304 3319 1430 3383 cotidie

319 3421 593 3486 ministrancium
623 3421 723 3487 altari
752 3423 785 3485 b.
817 3421 862 3485 M.
893 3422 928 3485 in
957 3421 1078 3485 maiori
1107 3422 1186 3486 eccl.
1219 3422 1260 3486 de
1290 3422 1428 3506 Ripon',

319 3524 411 3589 illam
434 3526 504 3590 scil.
528 3526 751 3589 medietatem
771 3525 853 3589 tofti
876 3526 911 3589 in
927 3525 1104 3610 Annsgate
1127 3526 1162 3590 in
1185 3526 1307 3591 boriali
1329 3534 1428 3611 parte

318 3629 398 3693 toiti
420 3630 514 3713 quod
536 3629 602 3693 fuit
625 3629 801 3713 Radulphi
822 3629 887 3693 viri
909 3629 1011 3704 Teue,
1034 3630 1076 3694 de
1098 3650 1152 3694 me
1174 3637 1209 3694 et
1231 3632 1300 3695 her.
1324 3652 1369 3696 m.
1393 3632 1427 3696 in

316 3753 390 3817 pur.
415 3740 449 3797 et
473 3739 508 3797 et
532 3753 626 3817 perp.
652 3733 692 3798 el.
718 3734 752 3797 in
776 3753 871 3817 perp.
895 3734 935 3798 el.
962 3734 1032 3818 (sio)
1060 3734 1094 3798 in
1116 3741 1332 3818 perpetuum.
1381 3736 1428 3800 Et

316 3844 356 3902 ut
387 3839 449 3902 hec
479 3858 557 3902 mea
587 3838 732 3901 donacio
763 3859 784 3902 a
814 3838 950 3902 nemine
982 3839 1018 3902 in
1045 3839 1190 3922 posteris
1214 3840 1428 3924 temporibus

316 3943 424 4026 possit
458 3943 606 4027 infringi,
642 3963 692 4026 pr.
727 3963 790 4007 ser.
825 3943 885 4028 sig.
921 3963 966 4007 m.
1003 3943 1221 4027 apposicione
1255 3945 1425 4010 roboraui.

316 4049 360 4113 H.
396 4055 433 4123 t..
468 4048 549 4112 d'no
582 4047 634 4111 W.
669 4047 824 4112 Aurilian
857 4047 1039 4123 Canonic0,
1065 4047 1208 4132 Nigello,
1243 4048 1425 4126 Herberto,

315 4152 431 4229 Walt’,
462 4153 560 4238 Rog’,
592 4152 741 4226 Matheo,
772 4152 910 4236 Hugon’
940 4151 1142 4236 CapellaniS,
1174 4153 1304 4237 Mag'ro
1333 4153 1423 4230 Pet0,

315 4257 439 4340 Joh’ne
457 4258 498 4322 de
516 4258 637 4321 Hilton
654 4262 738 4321 tunc
754 4257 893 4332 balliuo,
912 4256 1000 4321 Rob.
1019 4257 1061 4320 de
1078 4257 1277 4333 Monketon,
1295 4257 1425 4323 Gilb’to

314 4362 484 4438 Tinctore‚
500 4361 606 4427 Galir.
623 4362 665 4426 de
680 4361 815 4446 Gilling,
831 4361 935 4426 Walt.
952 4361 997 4425 fil.
1014 4361 1191 4445 Stephani,
1207 4369 1242 4426 et
1257 4363 1422 4446 pluribus.

701 4528 789 4611 (117)
816 4528 873 4592 DE
897 4544 1035 4592 eonon.

401 4647 533 4711 Notum
549 4647 594 4710 sit
611 4666 702 4710 omn.
721 4666 770 4729 pr.
789 4651 824 4709 et
840 4645 905 4710 fut.
923 4646 1013 4709 hanc
1028 4650 1161 4709 cartam
1177 4645 1240 4710 vis
1258 4646 1313 4710 vel
1330 4646 1422 4722 aud,

313 4752 407 4838 quod
432 4773 495 4839 ego
521 4751 671 4816 Gilb’tus
697 4750 742 4816 fil.
771 4749 864 4814 Petri
890 4749 932 4815 de
959 4748 1174 4815 Richemond
1200 4751 1361 4828 concessi,
1388 4758 1423 4816 et
