3392 5650
223 1675 321 1724 Fabric
336 1673 366 1723 ot

217 1742 366 1791 Southwell

228 1810 350 1857 Minster.

237 1876 308 1924 Poor
320 1875 349 1923 ol

228 1943 355 2005 Beelsby,

206 2010 236 2058 of
249 2011 373 2058 Warton.

249 2118 336 2174 Plate,

236 2186 340 2234 church

211 2254 308 2303 books.
320 2256 371 2300 etc.

209 2810 336 2860 Barwick
349 2812 376 2859 in

242 2880 342 2926 Elmet.

409 672 472 738 190
695 655 773 718 Tur
799 655 955 719 [nonar
980 655 1226 719 hlxuuscmm.

405 835 583 918 capellano
622 834 820 898 Cantariam
861 834 988 898 ibidem
1028 834 1199 918 optinenti
1239 832 1393 917 exequijs
1433 833 1525 897 meis

405 940 627 1013 funeralibus
651 939 809 1002 videlicet
834 939 980 1003 Placebo
1002 946 1036 1002 et
1060 939 1174 1024 Dirige
1196 959 1275 1002 cum
1297 938 1522 1002 commenda-

404 1042 500 1107 cione
529 1050 755 1117 mortuorum,
787 1064 826 1107 ac
855 1043 956 1106 misse
985 1043 1129 1107 funerali
1159 1042 1286 1107 ibidem
1315 1041 1522 1106 celebrande

405 1148 503 1231 plene
529 1148 754 1220 interessenti,
781 1147 847 1230 iijs.
870 1146 955 1230 iiijd.
980 1154 1015 1210 et
1038 1148 1179 1212 cuilibet
1206 1146 1351 1211 diacono
1378 1153 1412 1210 et
1437 1147 1521 1210 sub-

404 1252 549 1315 diacono
565 1251 716 1315 eiusdem
740 1251 819 1315 eccl.
838 1251 966 1315 eisdem
984 1251 1104 1335 officijs
1120 1250 1336 1315 interessenti
1353 1250 1447 1325 xxd,
1482 1256 1519 1315 et

404 1356 543 1420 cuilibet
571 1355 787 1420 thuribilario
814 1362 848 1419 et
876 1355 1024 1420 choriste
1051 1356 1157 1439 ipsius
1184 1355 1263 1419 eccl.
1291 1355 1351 1439 qui
1377 1375 1518 1439 presens

406 1460 507 1524 fuerit
546 1461 581 1524 in
619 1459 849 1524 celebracione
889 1460 1077 1524 officiorum
1117 1460 1322 1524 funeralium
1360 1479 1517 1523 meorum

406 1565 647 1648 predictorum,
666 1564 750 1648 xijd.
769 1571 804 1628 et
821 1564 961 1628 sacriste
979 1564 1069 1628 dicte
1087 1564 1223 1627 ecclesie
1241 1585 1302 1647 pro
1319 1563 1518 1648 pulsacione

406 1690 477 1744 sua,
499 1669 562 1752 iijs.
584 1669 667 1752 iiijd.
717 1669 806 1732 Item
825 1669 900 1752 lego
920 1669 1047 1732 fabrice
1066 1669 1145 1732 eccl.
1167 1668 1341 1743 SuthwelL
1362 1668 1396 1731 xl
1415 1668 1514 1733 solid.

406 1774 496 1837 Item
515 1773 589 1857 lego
608 1773 652 1837 ad
672 1773 897 1837 distribuend.
919 1773 1027 1857 magis
1046 1772 1280 1857 indigentibus
1299 1772 1517 1856 parochianis

405 1878 542 1942 ecclesie
571 1878 613 1941 de
643 1877 799 1960 Belesby‚
831 1876 983 1941 Lincoln.
1015 1877 1101 1941 dioc.
1133 1897 1207 1941 xxs
1256 1878 1346 1940 item
1375 1877 1450 1962 lego
1479 1877 1515 1940 in

405 1982 649 2046 distribucione
667 2002 858 2065 pauperum
871 1969 1157 2065 parochianorum
1174 2001 1339 2056 meorum,
1354 1988 1388 2045 et
1406 1982 1516 2065 magis

406 2086 635 2171 indigencium
658 2086 736 2150 eccl.
758 2107 832 2149 mee
856 2086 898 2149 de
921 2086 1076 2161 Wart0n‚
1097 2086 1250 2169 quinque
1273 2106 1376 2151 marc.
1425 2086 1515 2150 Item

406 2192 450 2256 do
479 2198 513 2255 et
542 2192 616 2275 lego
645 2191 726 2254 d'no
755 2190 848 2273 Joh'i
877 2190 919 2253 de
949 2191 1043 2253 Dene
1072 2190 1236 2254 confratri
1265 2211 1342 2254 meo
1370 2190 1405 2253 in
1434 2189 1514 2255 eccl.

407 2295 522 2380 Ripon
549 2296 713 2379 predicta,
742 2316 848 2359 vnam
877 2295 1009 2378 peciam
1036 2295 1169 2379 argenti
1196 2316 1275 2359 cum
1302 2294 1515 2379 cooperculo,

407 2400 592 2464 habentem
616 2400 650 2463 in
674 2399 875 2463 summitate
899 2399 1082 2463 draconem
1107 2398 1320 2474 deauratam,
1347 2405 1381 2463 et
1405 2400 1517 2463 maius

406 2505 669 2588 portiphorium,
694 2525 734 2568 ea
757 2504 917 2568 videlicet
940 2504 1134 2568 intencione
1157 2503 1251 2587 quod
1274 2504 1387 2587 ipsum
1410 2504 1517 2587 porti-

407 2609 566 2693 phorium
596 2630 657 2693 pro
686 2615 854 2693 perpetuo
883 2608 1030 2691 proprijs
1060 2608 1129 2671 suis
1158 2608 1276 2672 vsibus
1306 2609 1451 2672 retineat
1481 2614 1517 2672 et

406 2714 490 2778 nulli
526 2714 665 2777 omnino
700 2712 897 2777 huiusmodi
931 2712 1047 2796 quoad
1083 2712 1208 2776 uixerit
1244 2712 1378 2777 alienet.
1427 2712 1517 2776 Item

405 2819 480 2904 lego
509 2819 590 2883 d’no
620 2817 771 2882 Will'mo
800 2817 943 2881 Chanon
974 2816 1113 2881 Rectori
1143 2815 1256 2881 eccl'ie
1287 2816 1328 2881 de
1359 2817 1515 2901 Berwyk‚

406 2924 509 2988 Ebor.
541 2923 641 2998 dioc,
673 2943 779 2986 unam
808 2922 941 3004 peciam
972 2921 1175 2985 deauratam
1204 2942 1310 3005 quam
1340 2922 1445 2992 habui
1475 2943 1517 2986 ex

406 3028 497 3092 dono
511 3026 630 3111 Mag’ri
644 3026 757 3090 Nich’i
771 3026 918 3108 Feryby.
968 3026 1057 3089 Item
1071 3026 1146 3109 lego
1159 3025 1240 3089 d’no
1254 3026 1347 3109 Joh'i
1362 3026 1518 3090 Redenes

406 3153 511 3196 vnam
552 3131 684 3216 peciam
726 3130 858 3216 argenti
899 3129 1085 3193 formatam
1126 3130 1169 3193 ad
1210 3129 1352 3194 modum
1392 3131 1517 3203 calicis,

406 3236 593 3300 habentem
630 3234 817 3318 quemdam
854 3254 1036 3298 numerum
1073 3234 1240 3317 scriptum
1276 3234 1311 3298 in
1348 3235 1445 3318 pede,
1483 3241 1519 3299 et

407 3340 510 3403 aliam
531 3339 664 3423 peciam
685 3338 888 3402 deauratam
909 3358 987 3402 cum
1008 3338 1078 3402 suis
1098 3338 1317 3422 cooperculis
1340 3344 1373 3402 et
1394 3338 1518 3424 viginti

406 3444 481 3507 libr.
505 3443 648 3527 argenti,
670 3463 778 3506 vnum
799 3443 939 3525 ciphum
960 3442 1122 3506 mirreum
1144 3442 1311 3506 minorem
1331 3464 1411 3507 cum
1431 3443 1518 3527 pede

407 3554 441 3611 et
477 3547 678 3632 cooperculo
714 3547 749 3611 in
784 3553 883 3630 parte
915 3546 1092 3621 deaurato
1126 3551 1160 3610 et
1196 3568 1302 3611 vnam
1338 3546 1518 3632 legendam

406 3659 616 3727 sanctorum,
649 3657 683 3715 et
715 3651 972 3735 Portiphorium
1004 3671 1119 3715 meum
1150 3651 1273 3727 minus
1322 3651 1412 3715 Item
1442 3651 1518 3736 lego

407 3757 489 3820 d’no
509 3757 584 3820 Ade
605 3756 741 3831 Towell,
764 3755 952 3838 capellano
975 3755 1011 3818 xl
1031 3755 1127 3819 solid.
1151 3762 1186 3819 et
1207 3776 1312 3819 vnam
1334 3756 1454 3820 robam
1475 3756 1518 3819 de

407 3861 604 3925 melioribus
622 3881 701 3924 cum
721 3866 797 3923 toto
816 3865 997 3943 apparatu.
1046 3860 1136 3923 Item
1155 3860 1230 3943 lego
1248 3859 1383 3924 missale
1402 3880 1518 3924 meum

407 3972 442 4029 et
466 3965 607 4029 calicem
632 3965 834 4028 deauratam
858 3984 928 4027 vna
952 3984 1030 4027 cum
1055 3964 1263 4027 vestimento
1287 3984 1364 4028 meo
1387 3964 1517 4028 meliori

193 4071 339 4118 vestment
351 4071 392 4116 f01
408 4070 449 4133 de
471 4090 587 4153 panno
608 4067 710 4132 viridi
731 4068 908 4143 deaurato
931 4088 1000 4131 vna
1021 4087 1100 4131 cum
1122 4068 1189 4131 alio
1209 4068 1417 4132 vestimento
1438 4068 1518 4133 albo

228 4139 353 4186 Warton.
410 4175 415 4185 .

407 4195 442 4238 m
472 4173 699 4238 ministerium
728 4171 854 4236 summi
884 4171 1002 4235 altaris
1031 4171 1170 4235 ecclesie
1200 4192 1273 4235 mee
1302 4172 1345 4236 de
1374 4173 1518 4237 Warton

349 4338 351 4340 ,
407 4277 549 4361 predict.
599 4278 688 4341 Item
732 4276 806 4360 lego
851 4275 990 4339 calicem
1034 4296 1150 4339 meum
1196 4282 1396 4360 argenteum
1440 4297 1518 4341 cum

215 4700 297 4751 Beds
313 4700 363 4744 etc.

407 4382 542 4447 duobus
564 4380 781 4445 vestimentis
803 4379 931 4463 capelle
954 4400 1028 4443 mee
1052 4380 1087 4443 in
1110 4400 1212 4443 vsum
1234 4386 1268 4443 et
1291 4380 1519 4445 ministerium

407 4487 525 4551 altaris
556 4484 727 4571 prebende
759 4504 833 4548 mee
866 4483 932 4548 S’ci
965 4483 1077 4566 Joh'is
1110 4484 1285 4549 Beuerlaci
1316 4485 1406 4549 inira
1437 4485 1516 4550 eccl.

406 4592 480 4655 coll.
510 4589 552 4654 de
581 4589 717 4674 Rypon’
746 4587 889 4672 predict.
954 4588 1044 4651 Item
1075 4588 1150 4673 lego
1178 4589 1328 4653 Will'mo
1360 4589 1455 4653 Croit
1483 4590 1518 4654 xl

406 4695 502 4761 solid.
526 4701 560 4758 et
582 4715 690 4759 vnum
711 4692 838 4757 lectum
862 4712 940 4756 cum
964 4692 1176 4777 chappelet,1
1202 4692 1271 4757 albi
1293 4693 1423 4758 coloris
1471 4695 1517 4758 Et

407 4798 494 4847 -Ῑ
507 4797 635 4884 Perhaps
643 4833 660 4866 a
672 4797 863 4884 little-chapel,
878 4824 999 4884 oratory,
1014 4834 1045 4869 or
1057 4820 1157 4870 shrine.
