3392 5650
635 692 729 757 Acrs
753 709 799 757 or
822 692 1001 758 01111111.
1311 710 1373 775 243

265 868 337 951 164,
356 869 376 933 1.
395 869 448 950 36,
466 870 548 934 read
568 870 796 935 “venerabile
811 871 851 947 ”;
872 893 905 956 p.
925 872 998 953 165,
1016 872 1036 937 l.
1057 890 1108 955 19,
1129 872 1210 936 read
1230 872 1250 896 “
1264 872 1375 955 capel-

263 973 377 1037 lan0.'’
424 974 471 1038 At
490 996 523 1058 p.
544 974 617 1051 162,
634 976 701 1039 line
718 994 771 1052 22,
790 975 927 1061 lngilby
944 977 1012 1041 MS.
1031 976 1093 1040 has
1113 976 1133 1000 ‘⁴
1148 981 1182 1039 et
1199 976 1317 1039 Divini
1331 975 1350 997 ''
1366 995 1373 1051 ;

263 1077 330 1141 line
345 1077 398 1153 28,
412 1078 440 1141 it
453 1078 556 1142 omits
569 1079 843 1164 “suprascriptis
856 1079 874 1101 ''
889 1100 896 1156 ;
915 1079 982 1144 line
995 1098 1047 1161 33,
1062 1080 1089 1143 it
1102 1080 1205 1144 omits
1224 1080 1243 1104 “
1256 1079 1321 1143 viri
1333 1079 1352 1102 ''
1366 1098 1373 1154 ;

264 1187 300 1245 11
328 1202 361 1265 p.
389 1181 461 1264 164,
487 1181 554 1246 line
581 1200 612 1265 7,
637 1183 665 1247 it
693 1184 755 1247 has
783 1184 803 1208 ‘⁴
819 1184 1000 1248 inducend.
1018 1184 1060 1259 ’';
1092 1184 1159 1248 line
1186 1201 1237 1264 13,
1262 1184 1289 1247 it
1314 1184 1375 1247 has

264 1286 283 1309 ‘⁴
299 1286 374 1369 ipso
389 1285 430 1361 '’;
456 1286 523 1350 line
542 1305 595 1367 39,
617 1287 644 1350 it
664 1288 726 1351 has
747 1288 766 1312 “
782 1288 1015 1353 successiuis.’'

262 1471 311 1550 84.
362 1464 448 1547 (349)
485 1466 694 1529 Oxnruncro
725 1466 912 1530 0111111111
943 1467 1212 1531 Assuurcrours
1248 1465 1372 1529 Β1111

307 1568 429 1633 Maura
453 1587 492 1633 ru
516 1586 642 1634 111111
665 1587 837 1635 16611111
860 1570 1089 1635 0011161111
1113 1570 1258 1635 Rrpou’.

351 1724 525 1788 Vniuersis
550 1731 585 1788 et
610 1725 751 1809 singulis
776 1726 835 1809 xpi
861 1725 1018 1789 fidelibus
1043 1726 1132 1789 hanc
1156 1731 1290 1803 cartam
1314 1724 1373 1787 tri-

264 1828 430 1911 partitam
464 1828 587 1892 visuris
620 1829 675 1892 vel
708 1829 887 1894 audituris
935 1829 1053 1912 Joh'es
1087 1829 1129 1893 de
1162 1827 1305 1893 Fulford
1338 1833 1373 1891 et

265 1931 413 1996 Rob'tus
437 1932 479 1996 de
505 1933 670 2008 Kendale,
696 1933 881 2017 Capeliani,
907 1934 1053 1998 salutem
1077 1933 1112 1997 in
1136 1933 1227 1996 D’no
1251 1932 1374 2016 sempi-

264 2042 408 2100 ternam.
471 2036 615 2101 Nouerit
654 2038 861 2101 vniuersitas
892 2044 1007 2102 vestra
1041 2058 1103 2102 nos
1142 2037 1186 2101 ad
1224 2036 1372 2111 laudem,

262 2141 416 2225 gloriam,
433 2147 468 2204 et
483 2141 647 2206 honorem
663 2162 795 2206 summe
810 2149 845 2206 et
861 2142 1038 2206 individue
1053 2141 1243 2216 Trinitatis,
1261 2141 1374 2204 Patris

262 2251 297 2308 et
317 2245 391 2329 Filij
415 2252 450 2309 et
472 2246 619 2329 Spiritus
639 2247 767 2322 Sancti,
786 2246 1095 2331 gloriosissimeque
1113 2246 1254 2330 virginis
1273 2246 1374 2309 beate

262 2349 367 2413 Marie
402 2350 523 2413 matris
558 2350 639 2414 D'ni
673 2350 782 2414 nostri
817 2351 901 2434 Jesu
935 2350 1071 2425 Christi,
1107 2355 1374 2433 sanctorumque

261 2454 498 2537 apostolorum
531 2454 624 2518 Petri
656 2460 691 2518 et
725 2455 833 2529 Pauli,
868 2461 903 2519 et
935 2453 1142 2518 sanctissimi
1173 2452 1374 2518 contessoris

261 2558 355 2621 beati
368 2558 516 2621 Wilfridi
530 2558 620 2623 Eccl.
636 2558 759 2643 Colleg.
776 2559 901 2642 Ripon’
917 2559 1020 2623 Ebor.
1036 2558 1121 2623 dioc.
1137 2563 1372 2649 patronorum,

261 2662 484 2745 omniumque
507 2669 707 2726 sanctorum
727 2663 802 2735 Dei,
820 2663 856 2727 in
880 2662 988 2727 diuini
1012 2662 1126 2727 cultus
1149 2667 1374 2745 augmentum

262 2771 296 2830 et
342 2771 539 2831 nostrorum
585 2772 805 2851 peccatorum
848 2767 1091 2842 remissionem,
1132 2765 1293 2831 fundasse
1339 2770 1374 2830 et

262 2871 436 2935 ordinasse
457 2892 497 2935 16
516 2892 579 2954 pro
599 2877 766 2955 perpetuo
786 2877 821 2935 et
838 2872 1094 2955 imperpetuum
1110 2891 1250 2944 creasse,
1268 2890 1374 2934 unam

262 2981 465 3059 perpetuam
489 2975 689 3039 Cantariam
712 2975 814 3040 vnius
837 2975 964 3059 ydonei
988 2974 1161 3059 Capellani
1185 2980 1220 3038 et
1244 2994 1374 3038 succes-

262 3100 378 3143 sorum
411 3100 550 3143 suorum
584 3086 749 3163 perpetue
782 3078 883 3143 Gilde
917 3086 952 3143 et
985 3079 1145 3143 Cantarie
1178 3079 1212 3143 in
1245 3079 1374 3142 honore

262 3183 519 3267 Assumpcionis
540 3186 640 3248 beate
662 3184 766 3248 Marie
787 3184 935 3268 Virginis
956 3183 991 3247 in
1012 3183 1091 3247 eccl.
1114 3182 1195 3247 Coll.
1218 3182 1373 3266 predicta

263 3288 387 3372 Ripon’
404 3289 488 3352 inite
502 3289 709 3353 sufficienter
723 3294 757 3352 et
772 3288 928 3362 fundate,
941 3286 986 3351 ad
997 3288 1105 3351 altare
1115 3287 1374 3371 Assumpcionis

263 3394 363 3456 beate
382 3392 488 3457 Marie
506 3398 746 3476 nuncupatum
764 3393 799 3456 in
818 3392 912 3456 dicta
930 3392 1009 3457 eccl.
1030 3391 1111 3456 Coll.
1131 3391 1372 3467 constitutum,

263 3496 381 3561 diuina
415 3497 526 3561 officia
560 3496 775 3572 celebraturi,
811 3496 915 3561 modo
949 3496 1070 3570 forma,
1106 3501 1140 3559 et
1175 3495 1373 3560 condicione

263 3601 465 3685 subscriptis
497 3601 540 3665 de
572 3600 711 3685 speciali
743 3601 885 3665 licencia
918 3600 1191 3664 excellentissimi
1224 3600 1259 3664 in
1293 3600 1374 3684 Xpo
1443 3605 1532 3682 noyer

263 3706 425 3789 principis
444 3711 478 3768 et
497 3705 568 3769 d'ni
586 3705 651 3769 n'ri
669 3705 741 3768 d’ni
760 3705 900 3768 Henrici
920 3705 1022 3789 Regis
1040 3703 1160 3789 Anglie
1179 3709 1213 3767 et
1232 3704 1374 3767 Francie
1424 3673 1548 3721 chence.

263 3815 297 3873 et
328 3809 399 3873 d'ni
429 3809 592 3872 Hibemie
621 3809 737 3893 quarti
766 3815 846 3892 post
875 3817 1104 3892 conquestum
1133 3807 1254 3892 Anglie
1283 3828 1374 3872 anno

263 3914 357 3998 regni
387 3914 440 3978 sui
471 3919 607 3988 octauo
636 3912 883 3996 temporalibus
914 3913 1238 3996 Archiepiscopatus
1269 3912 1372 3977 Ebor.

263 4018 338 4100 ipsa
357 4018 436 4082 sede
456 4038 517 4101 per
536 4018 670 4081 obitum
690 4018 779 4081 bone
799 4017 961 4081 memorie
982 4016 1121 4080 Ricardi
1141 4036 1250 4099 nuper
1269 4017 1372 4081 Ebor.
1389 4030 1460 4092 Abp.
1478 4029 1579 4092 Scrope

263 4121 519 4206 Archiepiscopi
545 4127 693 4185 vacante
720 4121 755 4184 in
781 4121 942 4185 manibus
968 4121 1074 4204 ipsius
1101 4120 1172 4184 d’ni
1198 4120 1262 4184 n’ri
1289 4121 1375 4205 regis

264 4228 395 4292 adtunc
415 4227 595 4301 existente,
618 4225 726 4289 eciam
748 4225 789 4289 de
810 4225 985 4289 communi
1006 4245 1173 4289 consensu
1194 4225 1375 4289 voluntate

264 4333 393 4416 pariter
416 4337 451 4394 et
475 4350 615 4395 assensu
639 4330 843 4394 venerabilis
867 4329 1010 4413 capituli
1034 4329 1113 4393 eccl.
1140 4328 1221 4393 Coll.
1249 4329 1373 4414 Ripon'

265 4436 449 4506 antedicte,
478 4435 701 4518 omniumque
725 4434 870 4498 aliorum
893 4453 1041 4517 quorum
1065 4434 1229 4498 intererat
1253 4434 1287 4498 in
1312 4434 1376 4498 hae

265 4546 364 4625 parte
400 4559 462 4623 pro
498 4539 695 4621 huiusmodi
726 4537 889 4602 Cantaria
920 4544 1087 4622 perpetua
1123 4539 1278 4613 obtenta,
1314 4559 1376 4622 pro

266 4644 430 4709 fratribus
458 4648 492 4706 et
521 4643 693 4707 sororibus
721 4649 886 4726 perpetue
910 4641 1008 4706 Gilde
1032 4642 1205 4706 antedicte
1228 4643 1317 4706 uiuis
1341 4649 1375 4706 et
1424 4653 1548 4716 obJeets.

266 4748 448 4823 defunctis
466 4767 599 4811 necnon
617 4767 679 4831 pro
695 4746 823 4811 salubri
840 4753 937 4810 statu
954 4753 1072 4810 nostro
1089 4747 1173 4811 dum
1189 4747 1377 4812 vixerimus
