3392 5650
357 648 398 709 26
630 646 713 709 Tne
740 646 894 709 Isottnv
921 644 1180 707 ltnucscnnr.

356 834 402 883 11.
450 825 519 900 (23)
558 820 700 883 Naum.
761 819 888 898 (Grant
911 817 949 882 of
977 818 1057 882 land
1089 818 1157 881 and
1185 840 1205 881 a
1235 818 1306 882 neif
1334 830 1369 883 to
1400 818 1458 882 the

397 921 527 987 church
546 923 591 1005 by
608 918 736 984 Osbert
755 919 911 999 Warde).

441 1070 618 1135 Omnibus
639 1082 757 1134 sancte
783 1070 902 1133 mattis
925 1069 1068 1133 ecclesie
1093 1068 1184 1143 liliis,
1205 1083 1273 1132 tam
1294 1069 1459 1152 presenti-

355 1174 421 1236 bus
454 1192 559 1253 quam
599 1169 734 1243 futuris,
775 1169 818 1232 ad
858 1190 948 1251 quos
988 1169 1082 1233 litere
1122 1169 1185 1233 iste
1225 1169 1455 1252 peruenerint,

356 1270 526 1335 Osbertus
544 1269 687 1343 Warde,
707 1270 854 1332 salutem
874 1268 907 1330 in
933 1269 1098 1333 Domino.
1148 1269 1275 1333 Sciatis
1300 1290 1355 1333 me
1377 1269 1454 1333 ded.

355 1383 388 1435 et
404 1391 500 1434 conc.
520 1382 553 1434 et
570 1369 634 1432 hac
650 1381 743 1432 carta
761 1390 837 1432 mea
853 1367 958 1442 coni,
979 1389 1152 1432 consensu
1177 1382 1209 1432 et
1233 1368 1459 1432 concessione

358 1469 478 1533 luonis
506 1467 619 1531 fratris
646 1481 679 1531 et
711 1468 847 1531 heredis
874 1472 952 1546 mei,
987 1472 1063 1535 Deo
1091 1485 1122 1535 et
1152 1475 1252 1536 beato
1279 1471 1395 1535 Wilfr.
1426 1484 1460 1536 et

356 1569 441 1634 Can.
490 1568 533 1632 de
582 1568 711 1651 Ripon'
759 1568 885 1632 ibidem
936 1571 1013 1635 Deo
1059 1571 1303 1646 seruientibus,
1353 1591 1456 1634 vnam

355 1671 517 1734 bouatam
537 1681 623 1732 terre
642 1687 720 1730 cum
742 1668 894 1749 quodam
916 1669 1001 1733 tofto
1025 1685 1057 1734 et
1080 1670 1200 1747 crofto,
1219 1692 1334 1734 acram
1354 1690 1457 1733 vnam

354 1767 614 1832 continentibus
644 1766 687 1831 de
716 1767 823 1831 libero
852 1767 955 1834 feudo
988 1791 1075 1843 me0‚
1107 1770 1200 1832 illam
1234 1770 1365 1834 scilicet
1391 1790 1459 1851 que

354 1866 419 1931 fuit
442 1889 510 1930 vna
534 1867 576 1930 de
599 1867 736 1930 duabus
761 1868 898 1931 bouatis
920 1890 1008 1950 quas
1034 1869 1206 1933 Ricardus
1231 1870 1336 1934 bomo
1362 1891 1459 1933 meus

354 1968 465 2033 tenuit
480 1968 523 2031 de
541 1988 605 2040 me,
625 1980 658 2030 et
674 1966 822 2030 eundem
843 1966 1033 2031 Ricardum
1052 1989 1130 2032 cum
1152 1969 1247 2032 omni
1268 1980 1362 2033 secta
1381 1989 1456 2044 sua,

354 2089 432 2132 cum
450 2089 545 2131 omn.
562 2066 778 2131 libertatibus
791 2066 834 2129 ad
850 2067 1037 2150 predictam
1052 2081 1176 2132 terram
1192 2068 1455 2151 pertinentibus,

355 2169 388 2231 in
423 2188 544 2251 putam
570 2182 602 2231 et
627 2180 828 2249 perpetuam
855 2168 1094 2241 elemosinam,
1123 2189 1185 2250 pro
1208 2170 1319 2232 salute
1343 2168 1459 2233 anime

355 2289 430 2332 mee
446 2279 480 2332 et
497 2266 684 2330 animabus
706 2266 823 2330 vxoris
848 2288 923 2329 mee
947 2280 980 2329 et
1002 2282 1261 2330 antecessorum
1288 2288 1456 2343 meorum,

354 2379 388 2431 ct
404 2387 466 2449 pro
482 2365 693 2429 fraternitate
709 2365 853 2429 ecclesie
877 2366 967 2429 beati
991 2365 1145 2429 Wilfridi
1166 2366 1209 2429 ad
1232 2387 1321 2449 opus
1343 2388 1456 2430 meum

354 2479 388 2530 et
404 2465 624 2529 vxoris'mee.
676 2464 757 2528 Hiis
774 2465 931 2543 testibuS,
951 2477 1013 2528 etc.

376 2652 446 2733 (24)
488 2649 630 2713 NEUBY.
680 2649 906 2729 (Grantola
930 2649 1001 2714 neif
1023 2652 1066 2735 by
1092 2650 1249 2713 William
1277 2649 1434 2729 Warde).

441 2787 547 2853 Omn.
589 2810 617 2853 s.
661 2809 705 2852 m.
743 2790 825 2853 eccl.
868 2788 961 2866 filiis,
996 2802 1064 2852 tam
1106 2809 1194 2872 pres·
1237 2810 1341 2871 quam
1382 2787 1456 2866 fut,

356 2889 560 2953 Willelmus
578 2888 722 2966 Warde,
741 2890 901 2954 salutem.
961 2889 1106 2953 Nouerit
1121 2889 1330 2953 vniuersitas
1347 2901 1460 2954 vestra

356 3013 410 3055 me
435 3011 497 3074 pto
520 3006 570 3054 sa.
594 2988 711 3052 anime
737 3009 780 3050 m.
806 3000 839 3051 et
862 2989 1058 3051 animarum
1083 3001 1290 3052 antecessor.
1316 3009 1375 3065 m.‚
1396 2987 1460 3051 hac

354 3105 448 3156 carta
465 3112 542 3154 mea
557 3089 713 3172 quietum
737 3088 907 3152 clamasse
930 3089 1007 3152 Deo
1026 3101 1059 3151 et
1083 3094 1114 3152 b.
1137 3087 1183 3150 W
1190 3087 1253 3151 ilft.
1274 3100 1307 3152 et
1322 3108 1398 3151 can.
1418 3088 1460 3153 de

358 3191 455 3275 Rip,
484 3190 674 3254 Ricardum
704 3186 814 3250 filium
842 3186 993 3266 osberti,
1023 3188 1199 3252 hominem
1227 3210 1353 3265 meum,
1380 3209 1458 3253 cum

354 3291 450 3356 omni
475 3303 568 3354 secta
590 3311 655 3353 sua
679 3299 712 3352 et
736 3287 874 3351 katallis
896 3288 980 3365 suis,
1002 3288 1268 3371 imperpetuum,
1287 3288 1330 3352 de
1351 3309 1405 3352 me
1428 3300 1462 3351 et

356 3390 470 3455 hered.
492 3389 589 3454 meis.
640 3387 767 3452 Sciatis
789 3387 897 3451 eciam
923 3409 976 3452 me
1001 3388 1133 3452 iurasse
1157 3409 1272 3452 coram
1298 3387 1460 3471 Capitulo

354 3512 460 3574 super
481 3502 702 3554 sacrosancta
727 3487 924 3572 Euangelia
946 3509 1000 3552 me
1023 3486 1169 3553 fideliter
1194 3489 1283 3553 hanc
1306 3488 1458 3571 quietam

355 3589 604 3656 clamacionem
623 3599 810 3652 tenturum.
862 3586 944 3651 Hiis
961 3588 1118 3663 testibus,
1138 3600 1200 3652 etc.

355 3780 426 3859 (25)
474 3775 617 3839 Neussu.
667 3773 826 3855 (Similat
849 3786 954 3856 grant
978 3775 1023 3858 by
1042 3773 1235 3838 Herbertus
1252 3771 1299 3835 fil.
1321 3773 1398 3837 Ric.
1419 3773 1461 3837 de

401 3877 553 3961 Neuby).

444 4013 630 4078 Vniuetsis
658 4011 716 4095 xpi
745 4010 908 4074 fidelibus
935 4010 977 4073 ad
1006 4032 1095 4093 quos
1124 4032 1266 4094 presens
1293 4011 1459 4092 scriptum

358 4114 564 4200 peruenerit,
607 4112 801 4177 Herbertus
835 4109 883 4173 fil.
925 4111 1001 4175 Ric.
1039 4111 1081 4174 de
1120 4111 1256 4195 Neuby,
1298 4111 1457 4174 salutem.

359 4214 504 4278 Nouerit
529 4212 736 4276 universitas
765 4224 878 4276 vestra
910 4232 964 4274 me
995 4211 1209 4275 concessisse
1240 4225 1273 4274 et
1303 4211 1458 4293 quietum

356 4318 526 4381 clamasse
564 4326 597 4378 et
636 4310 883 4375 manumisisse
923 4310 1000 4374 Deo
1034 4323 1067 4374 et
1098 4313 1129 4374 b.
1167 4310 1283 4373 Wilfr.
1318 4325 1351 4374 et
1381 4332 1456 4375 can.

356 4416 511 4481 eiusdem
529 4415 571 4478 de
596 4413 692 4496 Rip,
715 4411 905 4474 Ricardum
927 4409 973 4472 fil.
995 4409 1140 4475 Galfridi
1164 4411 1205 4474 de
1232 4410 1356 4494 Neuby
1380 4432 1458 4474 cum

356 4529 427 4580 tota
450 4515 592 4597 sequela
616 4534 690 4590 sua,
711 4512 817 4575 libere
838 4525 871 4574 et
895 4510 1009 4593 quiete
1033 4510 1075 4573 de
1100 4531 1154 4573 me
1178 4523 1211 4574 et
1235 4510 1387 4574 heredib.
1412 4532 1456 4572 m.

357 4619 624 4701 imperpetuum.
667 4613 715 4676 Vt
731 4625 845 4675 autem
865 4611 927 4674 hec
943 4610 1060 4692 quieta
1076 4610 1268 4674 clamancia
1283 4632 1304 4672 a
1322 4610 1460 4674 nemine

357 4719 391 4782 in
419 4716 566 4801 posteris
594 4713 809 4797 temporibus
838 4710 948 4795 possit
973 4709 1127 4795 infringi,
1155 4731 1230 4774 eam
1256 4709 1365 4796 sigilli
1393 4710 1458 4774 mei
