3392 5650
391 662 455 710 200
674 645 752 709 Tua
778 645 933 709 lnernn
958 644 1204 710 llxuuscruer.

205 886 209 894 ,
235 817 259 866 A
272 818 322 867 ‘¹¹¹¹
391 823 498 887 eciam
516 830 551 886 et
569 822 766 888 ordinamus
783 823 877 907 quod
895 844 997 908 super
1013 823 1117 899 libris,
1136 823 1362 898 vestimentis,
1381 823 1506 897 calice,

191 891 367 1001 ιζῃζξᾞιζ,
391 934 426 990 et
464 927 539 1011 alijs
577 928 786 991 ornamentis
823 928 1097 1012 quibuscumque
1135 927 1236 992 huius
1273 928 1426 992 cantarie
1466 935 1506 991 et

391 1032 567 1115 capellano
604 1031 758 1115 predicto
797 1032 978 1114 assignatis
1015 1053 1076 1116 per
1113 1052 1174 1095 nos
1213 1038 1248 1095 et
1285 1031 1420 1096 collatis
1459 1054 1505 1096 ac

391 1134 615 1219 imposterum
643 1135 939 1220 qualitercumque
968 1136 1181 1220 assignandis
1209 1142 1244 1199 et
1272 1135 1503 1211 conterendis,

391 1240 530 1323 plenum
551 1246 586 1303 et
607 1240 704 1303 fidele
726 1240 787 1303 liat
808 1240 1039 1304 inuentarium
1061 1240 1291 1315 indentatum,
1313 1239 1409 1304 cuius
1430 1261 1505 1304 vna

391 1364 470 1427 pars
487 1365 590 1427 penes
608 1344 740 1409 dictum
758 1343 956 1428 Capitulum
975 1345 1099 1428 Ripon’
1119 1350 1154 1408 et
1173 1344 1282 1408 altera
1298 1364 1378 1427 pars
1395 1335 1504 1428 penes

391 1447 583 1532 predictum
598 1447 693 1512 d’nm
709 1448 843 1512 Ric’um
858 1448 1073 1532 capellanum
1088 1448 1157 1512 suis
1171 1448 1287 1533 sigillis
1300 1447 1502 1533 sigillatum,

392 1573 431 1616 ac
443 1573 545 1636 penes
556 1573 635 1616 suos
646 1572 855 1616 successores
867 1553 1001 1616 luturos
1013 1553 1104 1616 dicte
1116 1552 1275 1616 Cantarie
1287 1551 1502 1636 CapellanOS,

392 1663 426 1719 et
442 1657 546 1721 tercia
560 1677 639 1740 pars
653 1677 756 1740 penes
772 1657 894 1720 iratres
910 1656 1000 1720 dicte
1015 1656 1242 1721 fraternitatis
1256 1677 1318 1740 pro
1332 1654 1503 1740 perpetuo

191 1754 370 1869 tocpaafflgoe
391 1762 628 1837 remanebunt,
668 1783 708 1825 ac
746 1761 839 1845 quod
879 1761 942 1844 ipsi
981 1761 1147 1845 capellani
1182 1761 1251 1826 suis
1287 1759 1504 1843 temporibus

191 1887 219 1936 or
233 1886 361 1951 goodsor
391 1865 564 1949 perpetuis
602 1865 776 1949 mesuagio
813 1864 1009 1929 huiusmodi
1048 1887 1088 1929 ac
1125 1864 1239 1940 libros
1278 1864 1501 1939 vestimenta,

213 1954 343 2069 effitgey,
390 1970 521 2043 calices,
536 1976 580 2032 et
602 1976 805 2033 ornamenta
827 1969 992 2053 predicta,
1016 1991 1056 2033 ac
1078 1976 1191 2033 cetera
1213 1969 1279 2033 alia
1302 1968 1502 2033 addictam

195 2085 363 2162 responsible
390 2073 581 2138 cantariam
604 2073 800 2157 spectancia
822 2073 919 2137 salua
942 2075 1206 2137 conseruabunt.
1254 2074 1300 2137 Et
1323 2072 1501 2156 quocicius

194 2154 361 2217 forreparrs.
391 2177 425 2241 in
451 2178 605 2241 futurum
630 2198 716 2260 opus
741 2177 843 2241 tuerit
869 2178 1078 2261 reparabunt
1104 2184 1138 2241 et
1163 2176 1278 2242 omnia
1302 2176 1500 2241 huiusmodi

390 2283 647 2366 supportabunt
685 2287 719 2345 et
757 2288 993 2365 competenter
1031 2282 1206 2345 inuenient
1244 2281 1313 2345 suis
1350 2280 1501 2364 propriis

390 2386 585 2469 sumptibus
607 2392 641 2449 et
664 2386 820 2470 expensis
842 2387 907 2449 sub
927 2407 1015 2470 pena
1034 2386 1249 2470 priuacioniS,
1271 2385 1362 2449 trina
1381 2390 1500 2449 tamen

390 2490 640 2554 ammonicione
669 2490 822 2574 legitima
851 2490 945 2574 prius
975 2491 1068 2554 iacta
1096 2511 1156 2574 per
1184 2489 1374 2574 capitulum
1403 2495 1502 2553 ante-

391 2594 533 2659 dictum.
582 2596 628 2658 Et
648 2594 690 2657 de
709 2594 837 2659 eisdem
857 2594 1067 2658 ornamentis
1086 2601 1120 2657 et
1141 2594 1216 2677 alijs
1236 2593 1329 2658 dicto
1348 2593 1503 2677 capitulo

395 2699 519 2783 Ripon'
538 2720 598 2763 seu
615 2699 685 2763 suis
705 2699 771 2785 (72)
792 2698 1001 2782 deputandis
1018 2699 1052 2762 in
1071 2700 1134 2763 hoc
1152 2720 1233 2763 casu
1249 2718 1329 2763 cum
1346 2697 1503 2782 requisiti

394 2803 531 2879 luerint,
569 2825 629 2867 seu
666 2804 817 2888 ipsorum
855 2803 1109 2887 capellanorum
1140 2802 1262 2887 aliquis
1294 2801 1501 2886 requisitus1

394 2909 507 2983 fuerit,
537 2908 671 2973 fidelem
699 2908 843 2972 reddent
873 2905 1053 2971 racionem.
1102 2909 1148 2971 Et
1176 2907 1314 2991 insuper
1340 2906 1503 2971 volumus

394 3020 428 3076 et
461 3013 658 3077 ordinamus
691 3034 731 3076 ac
763 3032 919 3095 expresse
952 3012 1140 3096 proibimus
1172 3013 1236 3075 sub
1269 3011 1365 3094 penis
1396 3010 1503 3075 infra·

394 3117 539 3201 scriptis,
576 3137 618 3180 ne
656 3115 779 3200 aliquis
817 3116 1013 3200 capellanus
1052 3115 1142 3180 dicte
1181 3115 1340 3180 Cantarie
1375 3115 1502 3179 futuris

395 3221 606 3305 temporibus
635 3222 677 3285 de
706 3220 877 3304 aliquibus
907 3221 1014 3295 terris
1045 3220 1260 3295 tenementis,
1291 3219 1409 3303 pratiS,
1439 3225 1503 3283 aut

394 3325 515 3400 boscis
547 3326 716 3408 rebusque
747 3325 823 3407 alijs
854 3346 914 3388 seu
945 3325 1044 3388 bonis
1075 3324 1120 3388 ad
1150 3324 1280 3388 dictam
1311 3322 1502 3388 cantariam

394 3429 689 3513 qualitercumque
708 3429 956 3513 spectantibus,
979 3429 1013 3492 in
1034 3428 1259 3512 preiudicium
1278 3435 1393 3492 nostre
1413 3427 1502 3491 ordi-

394 3534 546 3598 nacionis
577 3534 772 3597 huiusmodi
803 3533 1021 3597 excambium
1053 3532 1184 3616 aliquid
1213 3532 1336 3616 quouis
1366 3531 1502 3615 quesite

394 3638 504 3704 colore
543 3658 602 3701 seu
642 3637 837 3702 huiusmodi
877 3658 928 3701 res
968 3643 1029 3702 aut
1069 3638 1160 3701 bona
1198 3637 1404 3721 impignoret
1442 3657 1502 3700 seu

231 3755 288 3802 Not
301 3759 332 3802 to
395 3743 582 3807 alienaret²
607 3741 852 3826 quoquomodo
879 3748 940 3806 aut
967 3747 1074 3805 terras
1098 3747 1132 3804 et
1156 3746 1364 3816 tenementa,
1389 3745 1502 3823 prata,

212 3821 354 3937 ῙᾎῙῇξξζξξ
395 3849 515 3911 boscos
546 3845 741 3910 huiusmodi
773 3846 817 3909 ad
848 3845 984 3909 firmam
1016 3846 1108 3910 vltra
1135 3845 1320 3909 triennium
1348 3844 1503 3908 dimittet

209 3954 354 4018 anything.
395 3951 622 4035 quouismodo
652 3951 781 4034 absque
810 3971 915 4014 causa
943 3950 1093 4014 maxime
1122 3949 1311 4013 necessaria
1340 3970 1380 4012 ac
1408 3953 1503 4013 certa

395 4055 549 4119 sciencia<
576 4075 742 4119 consensu
779 4060 813 4118 et
850 4054 990 4118 licencia
1026 4053 1196 4137 spirituali
1233 4053 1316 4118 dicti
1353 4052 1503 4136 Capituli

397 4160 521 4243 Ripon'
547 4164 581 4222 et
605 4164 800 4223 nostrorum
824 4159 970 4223 fratrum
994 4158 1221 4222 iratemitatis
1246 4157 1418 4221 antedicte
1442 4177 1502 4221 seu

395 4264 533 4328 maioris
557 4264 665 4347 partis
690 4263 875 4327 eorundem
901 4283 960 4326 seu
985 4261 1231 4346 deputatorum
1257 4282 1406 4326 suorum.
1454 4261 1502 4325 Et

394 4369 422 4432 si
436 4369 500 4432 hoc
514 4367 641 4442 fecerit,
656 4367 749 4452 quod
763 4368 864 4440 absit,
880 4372 914 4430 et
928 4367 1107 4431 conuictus
1122 4366 1225 4429 fuerit
1238 4386 1298 4449 per
1310 4365 1502 4449 capitulum

394 4471 587 4557 predictum
607 4471 642 4535 in
663 4491 703 4534 ea
719 4477 827 4555 parte,
845 4471 917 4554 ipse
933 4470 1152 4553 capellanuss
1172 4469 1273 4534 huius
1292 4469 1443 4533 cantarie
1459 4468 1503 4533 de

466 4657 472 4678 ¹
493 4651 549 4698 MS.
564 4650 614 4698 has
629 4654 644 4671 ⁴⁴
654 4648 814 4712 requisita.’¹
889 4652 899 4674 ²
918 4648 973 4696 MS.
989 4648 1039 4696 has
1054 4653 1107 4696 “se
1121 4645 1283 4696 alionaret.¹’
1352 4651 1362 4682 ³
1380 4645 1435 4693 MS.
1451 4644 1501 4695 has

396 4738 411 4758 ‘⁶
419 4731 513 4795 seipso
525 4727 702 4794 Capellan0.”
