3392 5650
354 717 418 784 280
639 716 719 782 Tua
744 715 900 783 Inonav
925 714 1171 783 lllnnuscmer.

353 919 458 982 quam
493 898 644 982 ipsorum
678 918 887 963 successores
921 917 1039 961 omnes
1073 903 1108 960 et
1142 895 1265 981 singuli
1299 894 1463 959 canonice

354 1002 533 1077 intrantes,
560 1003 739 1067 habebunt
765 1002 1019 1087 imperpetuum
1045 1023 1145 1066 vsum
1171 1001 1394 1065 Almiciorum
1420 1000 1464 1063 de

353 1106 384 1170 le
403 1107 570 1189 Calayber
587 1107 622 1170 in
640 1107 760 1171 eodem
779 1112 875 1171 statu
893 1107 988 1190 quali
1007 1113 1088 1171 sunt
1107 1127 1250 1191 persone
1270 1106 1304 1170 in
1323 1104 1465 1169 ecclesia

354 1212 606 1296 metropolitica
628 1212 720 1275 beati
743 1211 836 1275 Petri
859 1212 961 1275 Ebor.
986 1211 1113 1275 talibus
1134 1208 1302 1292 Almucijs
1324 1214 1464 1273 vtentes

354 1324 388 1380 et
408 1316 516 1380 eciam
535 1316 728 1380 Cantariste
747 1317 782 1380 in
802 1315 954 1380 Ecclesia
973 1314 1160 1399 Collegiata
1178 1314 1273 1378 beati
1293 1313 1463 1397 Johannis

356 1419 541 1495 Beuerlaci,
568 1425 602 1484 et
626 1420 721 1504 quod
745 1420 865 1484 eodem
890 1420 993 1483 modo
1018 1419 1251 1484 admittantur
1276 1418 1320 1483 ad
1344 1418 1463 1483 diuina

355 1516 389 1588 in
403 1525 506 1588 choro
519 1524 610 1588 dicte
624 1524 772 1587 Ecclesie
785 1523 1000 1587 ministrand.
1017 1523 1061 1587 ad
1075 1529 1200 1588 nutum
1213 1529 1248 1587 et
1261 1528 1462 1607 preceptum

357 1627 687 1693 Residenciariorum
721 1629 756 1692 in
789 1628 883 1692 dicta
917 1628 1069 1692 Ecclesia
1102 1628 1326 1692 residencium
1359 1634 1394 1691 et
1427 1627 1462 1691 in

356 1754 473 1798 eorum
502 1734 661 1797 absencia
688 1734 733 1798 ad
760 1738 961 1817 preceptum
990 1733 1145 1797 Rectoris
1173 1733 1277 1808 chori,
1307 1738 1341 1796 et
1368 1732 1463 1816 quod

356 1838 476 1903 diebus
496 1837 627 1902 lestinis
647 1838 812 1903 adiuuent
831 1838 974 1901 chorum
994 1837 1028 1901 in
1048 1843 1153 1910 cantu
1173 1842 1206 1900 et
1226 1836 1427 1920 psalmodia.

144 1972 343 2088 ζξξζᾙῐθοξξ
446 1982 534 2044 Item
564 1986 737 2044 statutum
767 1987 819 2044 est
848 1980 943 2064 quod
973 1979 1096 2062 Vicarij
1129 1979 1282 2043 chorales
1311 1978 1463 2043 eiusdem

141 2055 341 2175 allieastllays
357 2085 447 2149 Eccl.
464 2084 545 2148 Coll.
561 2085 789 2169 obsequentes
802 2084 872 2148 sint
886 2084 921 2147 in
935 2083 1094 2147 omnibus
1109 2083 1204 2146 lestis
1218 2081 1464 2166 prIncipalibus

142 2177 173 2222 to
184 2173 304 2287 {ffiffi
315 2172 343 2219 ³¹¹
357 2195 391 2253 et
410 2189 517 2252 eciam
535 2188 694 2252 omnibus
712 2188 788 2271 alijs
806 2188 851 2252 ad
869 2188 984 2251 omnia
1002 2193 1036 2251 et
1054 2187 1188 2272 singula
1204 2186 1324 2252 diuina
1340 2186 1463 2270 perim-

150 2306 237 2355 called
251 2320 337 2369 upon.
357 2293 482 2377 plenda
520 2299 554 2356 et
591 2292 795 2356 celebranda
831 2293 867 2355 in
905 2292 998 2356 dicto
1036 2292 1139 2355 choro
1176 2290 1221 2355 ad
1258 2289 1464 2354 mandatum

357 2398 528 2463 dictorum
562 2379 905 2472 Residenciariorum,
940 2402 975 2459 et
1008 2396 1043 2459 in
1077 2416 1194 2460 eorum
1227 2394 1386 2459 absencia
1420 2394 1465 2458 ad
1541 2385 1544 2389 ’

357 2502 562 2566 mandatum
581 2502 736 2566 Rectoris
753 2502 847 2566 chori
864 2501 1026 2576 eiusdem,
1045 2501 1174 2584 absque
1191 2499 1465 2566 murmuracione

357 2613 497 2692 propter
515 2607 687 2671 meritum.

173 2735 319 2792 Deacons„
447 2749 535 2812 Item
559 2754 732 2814 statutum
757 2748 926 2834 estquod
950 2747 1104 2822 Diaconi,
1131 2745 1348 2821 Subdiaconi,
1374 2745 1465 2809 Thu-

143 2807 343 2934 freddilelltelle
358 2855 524 2938 ribularij,
543 2861 577 2918 et
594 2854 748 2918 Choriste
765 2854 917 2919 eiusdem
933 2853 1082 2917 Ecclesie
1099 2852 1283 2937 Collegiate
1299 2851 1414 2916 debite
1430 2857 1466 2914 et

155 2952 332 3054 sfffiffllffid
358 2959 489 3023 solicite
540 2959 761 3042 frequentant
812 2959 921 3022 scolas
970 2957 1219 3043 gramaticales,
1271 2963 1306 3020 et
1357 2955 1465 3019 eciam

144 3071 342 3135 ⁸0¹¹sscnools.
359 3064 545 3138 cantuales
570 3069 609 3127 ut
634 3063 766 3128 fructus
789 3063 927 3127 vberius
951 3063 985 3127 in
1009 3062 1111 3126 vinea
1134 3061 1198 3124 Dei
1222 3060 1408 3144 ampliatur
1431 3065 1466 3123 et

359 3175 536 3253 augeatur,
557 3174 591 3232 et
611 3170 676 3232 hoc
694 3169 759 3233 sub
778 3188 867 3252 pena
886 3167 1097 3251 expulcionis
1117 3168 1161 3231 ab
1180 3165 1301 3249 officijs
1319 3164 1398 3230 suis.

145 3301 329 3419 Hl'lsglffllffh
449 3310 548 3385 Item,
577 3315 751 3374 statutum
780 3316 815 3373 et
843 3304 1042 3374 ordinatum
1071 3316 1123 3373 est
1151 3308 1245 3392 quod
1274 3308 1318 3371 M.
1349 3306 1468 3389 Joh'es

157 3384 294 3486 tigisi&
311 3386 345 3487 ise
360 3415 548 3497 Hawkyns,
578 3415 823 3478 Thesaurarius
854 3415 1038 3479 modernus
1069 3415 1159 3479 Eccl.
1190 3414 1270 3478 Coll.
1302 3413 1464 3498 predicte,

175 3503 257 3618 ²⁰51}ss
273 3503 315 3552 nis
359 3519 474 3583 debite
491 3520 526 3583 in
543 3519 702 3583 omnibus
719 3524 753 3582 et
770 3538 831 3603 per
847 3518 963 3582 omnia
980 3519 1182 3601 perimpleat
1199 3517 1348 3582 officium
1365 3537 1467 3581 suum

258 3585 285 3632 γ’
359 3623 458 3687 iuxta
482 3628 617 3688 statuta
641 3628 675 3687 et
700 3622 964 3687 consuetudines
988 3623 1177 3687 laudabiles
1201 3622 1292 3686 dicte
1317 3621 1466 3685 Ecclesie

359 3733 474 3791 nostre
494 3726 677 3811 Collegiate
696 3726 838 3810 proinde
858 3727 952 3791 edita
968 3733 1002 3791 et
1018 3728 1158 3802 vsitata,
1177 3733 1280 3811 prout
1296 3747 1415 3791 omnes
1431 3732 1466 3790 et

358 3831 481 3916 singuli
500 3831 751 3914 predecessores
769 3831 822 3895 sui
840 3831 956 3897 debite
975 3833 1275 3916 perimpleuerunt.

358 3998 609 4062 Communem
639 3998 715 4061 u‘ui
744 3997 1024 4063 Ancnmnscom
1050 3999 1162 4063 Eiron.
1188 4012 1362 4062 onmou¹
1388 4012 1466 4061 san-

402 4119 575 4167 Turonou
600 4121 638 4167 1u
664 4119 838 4167 russeum
864 4102 1150 4167 Conuocncmne
1175 4118 1451 4167 onomnmnun.

168 4239 227 4330 Th?
240 4240 325 4326 Aren·
446 4245 706 4309 Memorandum
720 4245 814 4328 quod
828 4245 945 4315 omnia
958 4250 993 4307 et
1006 4245 1139 4329 singula
1153 4251 1288 4309 statuta
1301 4244 1466 4329 premissa

143 4307 342 4423 eolffiffion
359 4349 674 4415 Reuerendissimus
698 4349 733 4413 in
758 4347 841 4433 Xpo¹
861 4356 961 4434 pater
984 4358 1019 4415 et
1045 4350 1204 4415 dominus
1228 4349 1304 4414 d'ns
1328 4349 1464 4424 Tho'as,

358 4453 421 4518 Dei
463 4453 577 4539 gracia
619 4453 722 4517 Ebor.
766 4453 1051 4539 Archiepiscopus
1093 4455 1214 4540 Anglie
1257 4455 1388 4519 Primas
1430 4461 1465 4519 et

357 4557 553 4641 Apostolice
564 4557 653 4621 sedis
664 4558 797 4641 legatus
809 4557 854 4622 ad
865 4559 1010 4643 speciale
1022 4565 1181 4643 rogatum
1194 4559 1304 4623 tocius
1316 4558 1466 4643 Capituli

357 4662 523 4727 antedicti
547 4668 685 4726 matura
709 4661 957 4729 deliberacione
982 4685 1021 4728 ac
1046 4670 1201 4753 tractatu
1224 4683 1326 4748 super
1350 4642 1473 4729 huius-¹

427 4781 444 4846 ¹·
454 4815 478 4864 Α
491 4816 566 4865 word
580 4815 675 4865 erased
688 4815 761 4872 here,
775 4813 925 4878 beginning
938 4812 1006 4861 with
1021 4818 1036 4834 ‘⁴
1046 4812 1122 4877 pre.’'
1136 4818 1140 4827 “
