3392 5650
359 736 423 787 212
645 719 724 784 Tua
749 720 905 785 luuram
929 720 1176 787 Munuscmpr.

360 898 520 983 Capitulo
548 900 639 964 dicte
668 900 805 964 ecclesie
834 899 1018 984 Collegiate
1047 900 1148 964 dictis
1178 899 1402 965 Canonicatui
1432 905 1467 963 et

360 1003 531 1087 prebende
550 1004 759 1094 pertinentia
777 1005 822 1068 ab
842 1004 986 1089 antiquo
1006 1004 1230 1080 decernimus,
1251 1004 1358 1069 eciam
1378 1010 1413 1069 te
1432 1004 1468 1069 in

359 1109 569 1192 corporalem
588 1109 834 1193 possessionem
854 1108 944 1173 dicte
963 1109 1134 1192 prebende
1153 1130 1231 1174 cum
1250 1109 1319 1173 suis
1337 1108 1469 1173 iuribus

360 1219 394 1276 et
411 1212 631 1297 pertinenciis
648 1213 814 1277 uniuersis
830 1233 891 1297 per
907 1213 1070 1277 dilectum
1087 1214 1295 1278 confratrem
1311 1219 1469 1277 nostrum

360 1316 538 1381 dominum
585 1318 773 1382 Henricum
820 1317 950 1393 Bowet,
999 1317 1209 1382 Canonicum
1256 1318 1335 1383 eccl.
1384 1317 1467 1383 Coll.

360 1422 522 1505 predicte,
546 1428 581 1485 et
604 1421 868 1506 prebendarium
891 1422 1063 1505 prebende
1086 1422 1127 1486 de
1150 1422 1267 1507 Thorp
1290 1423 1324 1486 in
1348 1423 1469 1487 eadem

360 1526 432 1589 iore
470 1526 651 1590 actualiter
688 1526 931 1601 inducendum,
972 1527 1124 1610 Juribus
1164 1526 1392 1603 libertatibus
1432 1533 1468 1591 et

360 1631 666 1695 consuetudinibus
691 1631 817 1694 nostris
842 1637 877 1694 et
903 1630 1040 1695 ecclesie
1066 1637 1181 1695 nostre
1207 1631 1288 1696 Coll.
1316 1631 1469 1716 predicte

272 1784 279 1796 .
360 1734 395 1797 in
428 1735 587 1799 omnibus
620 1756 753 1819 semper
785 1735 898 1800 saluis
948 1737 988 1799 In
1021 1736 1117 1800 cuius
1150 1736 1197 1799 rei
1231 1735 1469 1801 testimonium

360 1838 507 1923 sigillum
538 1846 694 1903 nostrum
724 1859 906 1904 commune
937 1840 1152 1924 presentibus
1182 1845 1234 1903 est
1265 1860 1466 1924 appensum.

360 1942 441 2007 Dat.
457 1943 491 2007 in
504 1943 607 2007 domo
620 1951 738 2007 nostra
751 1943 950 2027 Capitulari,
965 1965 1056 2008 nono
1069 1944 1124 2007 die
1136 1945 1261 2008 mensis
1275 1944 1466 2028 Septembr.

359 2047 460 2110 Anno
480 2048 561 2111 D'ni
580 2047 722 2112 mill’mo
742 2059 856 2112 cccc'¹‘⁰
875 2048 1046 2112 tricesimo
1065 2055 1176 2113 sexto·

565 2239 652 2323 (298)
679 2240 945 2304 Appormuam
968 2257 1013 2305 oe
1036 2240 1349 2310 Sua-mansuum.

445 2381 614 2446 Omnibus
638 2382 696 2465 xpi
720 2379 877 2446 fidelibus
901 2382 945 2446 ad
967 2402 1054 2466 quos
1077 2389 1251 2466 presentes
1273 2382 1370 2446 litere
1392 2403 1467 2466 per-

358 2486 525 2562 uenerint,
564 2485 645 2562 Nos,
683 2487 833 2550 Thomas
871 2487 998 2570 Bryan,
1037 2487 1228 2551 Canonicus
1264 2487 1343 2552 eccl.
1382 2487 1464 2553 Coll.

358 2590 424 2655 S’ci
460 2590 607 2655 Willridi
641 2590 765 2674 Ripon'
804 2612 843 2654 ac
881 2591 1138 2656 residenciarius
1171 2598 1205 2655 et
1234 2592 1467 2656 thesaurarius

357 2695 519 2770 eiusdem,
556 2695 703 2759 salutem
739 2695 773 2758 in
809 2696 963 2759 omnium
1000 2695 1187 2761 Saluatore.
1235 2696 1466 2760 Attendentes

357 2807 456 2884 grata
471 2805 505 2863 et
520 2799 707 2865 laudabilia
722 2800 886 2884 obsequia
901 2820 968 2884 que
983 2800 1128 2865 dilectus
1143 2800 1241 2865 nobis
1256 2800 1332 2866 d’ns
1347 2801 1466 2884 Joh’es

358 2906 525 2988 Frankys‚
554 2905 767 2989 Capelianus,
796 2905 895 2969 nobis
922 2911 957 2968 et
985 2904 1063 2970 eccl.
1093 2905 1174 2969 Coll.
1204 2905 1357 2989 predicte
1384 2912 1466 2971 ante

358 3009 419 3072 hec
442 3016 598 3093 tempora
620 3015 797 3094 gratanter
819 3009 986 3085 exhibuit,
1010 3015 1255 3095 sperantesque
1277 3010 1372 3094 quod
1394 3011 1467 3094 ipse

358 3114 392 3177 in
414 3114 539 3177 nostris
561 3118 595 3176 et
618 3113 708 3177 dicte
730 3113 809 3177 eccl.
832 3120 949 3177 nostre
971 3113 1110 3198 agendis
1132 3134 1191 3177 sue
1213 3114 1408 3179 affeccionis
1430 3121 1465 3179 et

357 3216 597 3282 beneuolencie
626 3218 815 3301 puritatem
845 3224 879 3280 et
909 3217 1115 3282 industriam
1144 3218 1362 3282 continuabit
1391 3240 1466 3284 suc-

358 3322 495 3386 cessiuis
532 3323 666 3386 actibus
704 3322 738 3386 in
776 3322 943 3397 futurum,
983 3322 1137 3386 volentes
1174 3323 1287 3406 ipsum
1325 3344 1466 3388 munere

357 3427 516 3510 prosequi
537 3427 697 3510 graciose,
719 3426 947 3490 concessimus
968 3427 1078 3490 eidem
1099 3427 1180 3490 d’no
1202 3428 1295 3510 Joh'i
1316 3428 1465 3493 officium

357 3531 640 3595 Subthesaurarie
671 3531 855 3615 Collegiate
885 3530 1047 3615 predicte,
1080 3531 1226 3595 habend.
1260 3538 1294 3595 et
1325 3533 1463 3599 tenend.

356 3634 466 3698 eidem
498 3634 579 3698 d’no
610 3634 703 3717 Joh'i
731 3634 880 3698 officium
907 3634 1100 3718 predictum
1127 3635 1295 3719 quamdiu
1326 3636 1463 3712 vixerit,

355 3760 434 3803 cum
465 3738 623 3803 omnibus
654 3739 723 3803 suis
754 3739 872 3814 feodis
905 3739 1209 3804 commoditatibus
1240 3746 1274 3804 et
1305 3740 1466 3824 proficuis

356 3843 522 3907 vniuersis
544 3843 653 3908 eidem
675 3843 785 3907 officio
806 3843 1069 3928 pertinentibus.
1118 3844 1158 3908 In
1180 3844 1276 3908 cuius
1298 3844 1346 3909 rei
1368 3845 1464 3909 testi-

355 3947 509 4011 monium
538 3946 685 4032 sigillum
715 3954 871 4011 nostrum
901 3947 1133 4030 apposuimus
1182 3948 1262 4012 Dat.
1295 3948 1379 4012 xxix
1409 3949 1464 4013 die

355 4052 514 4116 Octobris
532 4052 633 4115 Anno
651 4051 732 4115 D'ni
751 4051 892 4115 Mill’mo
911 4062 1025 4116 ccccm⁰
1043 4051 1191 4136 xxxvij0.
1275 4135 1277 4138 y

355 4260 395 4330 74
409 4271 440 4315 v.
532 4244 619 4326 (299)
645 4243 782 4306 Peusro
805 4242 882 4306 u'ur
906 4242 1034 4306 Roa’n
1056 4243 1284 4309 AssxuwxxE.

442 4385 616 4449 Vniuersis
661 4391 778 4448 sancte
824 4384 945 4448 matris
988 4385 1126 4449 ecclesie
1167 4385 1246 4469 filijs
1286 4393 1463 4470 presentes

354 4489 470 4553 literas
507 4488 721 4572 inspecturis
761 4487 842 4563 Nos
882 4488 1072 4571 capitulum
1111 4489 1247 4553 ecclesie
1285 4490 1463 4575 collegiate

355 4593 491 4677 Ripon’,
521 4592 668 4657 salutem
698 4592 732 4655 in
762 4612 802 4656 eo
831 4612 934 4675 quem
964 4592 1096 4677 peperit
1126 4599 1244 4658 vterus
1273 4593 1460 4679 virginalis,

352 4697 577 4763 Vniuersitati
605 4702 718 4760 vestre
747 4702 865 4760 tenore
894 4697 1107 4780 presencium
1136 4697 1337 4763 intimamus
1365 4700 1461 4784 quod

351 4823 430 4870 cum
457 4802 526 4866 iam
551 4801 684 4887 pridem
711 4800 787 4865 d'ns
815 4801 988 4864 Robertus
1014 4802 1221 4886 Abberwyk,
1250 4803 1398 4870 vicarius
1425 4804 1462 4870 in
