3392 5650
687 732 918 798 Caurutanr.
1318 729 1359 811 83

247 910 370 995 assign.
389 916 512 975 contra
528 931 619 976 omn.
639 912 730 975 hom.
750 933 829 977 war.
848 912 882 977 in
901 933 994 996 perp.
1044 912 1084 976 111
1101 911 1198 975 cuius
1214 910 1261 973 rei
1278 914 1358 974 test.

247 1020 321 1078 tam
337 1035 399 1078 nos
414 1035 520 1099 quam
537 1016 631 1099 pred.
650 1015 767 1080 Simon
783 1017 1000 1099 presentibus
1016 1015 1151 1098 scriptis
1166 1015 1201 1078 in
1217 1013 1360 1078 modum

247 1118 423 1203 cyrograffi
450 1119 569 1183 diuisis
595 1120 793 1185 alternatim
821 1121 881 1205 sig.
907 1127 1025 1185 nostra
1049 1120 1265 1203 apponimus,
1291 1138 1361 1181 vna

246 1241 326 1286 curn
343 1222 403 1305 sig.
424 1222 573 1306 Capituli
594 1222 718 1306 Ripon’
738 1224 832 1308 quod
850 1224 895 1289 ad
913 1224 1079 1307 scriptum
1098 1223 1192 1306 pred.
1213 1221 1360 1286 Simonis

247 1326 508 1408 procurauimus
531 1327 669 1410 apponi.
718 1328 762 1392 H.
788 1334 812 1392 t.
838 1328 937 1391 D’nis
960 1327 1044 1392 Tho.
1069 1327 1114 1392 fil.
1141 1326 1268 1400 Briani‚
1293 1324 1358 1389 Ad.

247 1429 289 1493 de
323 1429 513 1515 Pinkneyg,
547 1431 681 1496 Thoma
714 1431 756 1495 de
789 1432 959 1507 Wakield,
995 1431 1080 1516 Rog.
1116 1431 1158 1495 de
1190 1430 1224 1495 la
1257 1429 1358 1512 Leye,

248 1533 455 1609 Ρο100110110,
474 1535 564 1619 Hug.
583 1535 625 1599 de
649 1535 857 1610 Roderham,
875 1535 989 1601 Will’o
1012 1536 1056 1600 de
1080 1534 1253 1609 Grenield,
1275 1540 1359 1597 tunc

247 1637 427 1702 Canonicis
450 1638 575 1722 Ripon,
601 1639 674 1704 Ric.
699 1640 740 1703 de
764 1640 935 1704 Bannseld
959 1646 1042 1704 tunc
1067 1639 1195 1704 balliuo
1221 1638 1358 1721 Ripon',

246 1741 361 1806 Will'o
387 1742 543 1818 Aldretb,
573 1743 702 1807 Rob'to
730 1744 772 1807 de
800 1744 921 1819 Miton,
949 1744 1053 1808 Walt'
1082 1744 1123 1808 de
1151 1742 1358 1814 Geuendale,

249 1845 335 1929 Rog'
356 1846 466 1922 fabro,
486 1854 520 1911 et
540 1848 625 1912 aliis.

455 2051 542 2133 (126)
570 2051 689 2117 Canna
716 2053 1154 2118 111111311111111111110111Ι

335 2219 437 2284 Omn.
453 2220 544 2284 hom.
560 2240 609 2303 pr.
624 2226 709 2285 cart.
724 2221 786 2285 vis
801 2221 857 2284 vel
870 2221 949 2286 aud.
966 2221 1115 2286 Rob'tus
1129 2220 1361 2303 Brokenbayn

248 2329 282 2387 et
311 2323 473 2388 Eiianora
501 2345 559 2389 vx,
589 2324 671 2400 eiuS,
700 2345 748 2389 sa.
779 2326 812 2388 in
842 2326 942 2390 D'no.
991 2325 1165 2390 Noueritis
1193 2345 1255 2389 nos
1283 2324 1360 2389 ded.

248 2447 342 2492 conc.
365 2427 454 2492 eth.
478 2448 509 2511 p.
532 2449 560 2494 0.
583 2428 673 2493 conf.
696 2429 778 2493 d'no
798 2429 887 2494 Will.
910 2429 941 2493 le
961 2429 1108 2494 Wausor
1127 2449 1189 2512 pro
1209 2428 1362 2511 quadam

248 2551 384 2596 summa
401 2532 544 2615 pecunie
561 2553 668 2616 quam
685 2533 785 2598 nobis
802 2533 898 2597 dedit
916 2553 975 2617 pre
993 2534 1153 2598 manibus
1170 2534 1205 2598 in
1223 2532 1364 2616 negocio

248 2640 378 2711 nostro,
402 2636 626 2701 medietatem
649 2637 738 2702 illius
761 2643 849 2701 terre
873 2638 915 2701 de
938 2637 1095 2720 Prestlay
1117 2657 1184 2721 que
1207 2638 1296 2702 iacet
1319 2636 1363 2701 ad

250 2739 446 2804 Bercariam
476 2740 600 2804 domus
631 2740 705 2805 S'ce
736 2742 841 2805 Marie
873 2741 1084 2827 Magdalene,
1116 2741 1207 2805 inter
1237 2747 1363 2805 terram

117 2861 121 2869 ’
249 2844 353 2910 Will’i
385 2844 488 2910 Fabri
520 2852 555 2909 et
587 2846 681 2910 viam
713 2846 852 2931 regiam,
885 2867 991 2931 quarn
1023 2867 1068 2911 sc.
1102 2846 1240 2910 mediet.
1276 2852 1364 2909 terre

248 2948 434 3014 habuimus
454 2949 496 3013 de
515 2949 587 3014 iure
608 2957 686 3033 post
706 2956 854 3014 mortem
874 2949 1019 3014 Gamelli
1039 2951 1081 3014 de
1102 2950 1221 3014 Ponte.
1271 2950 1361 3013 Hab.

249 3058 284 3116 et
301 3059 370 3117 ten.
388 3073 466 3117 cum
483 3060 570 3136 pert.
588 3054 653 3118 eid.
672 3054 753 3118 d’no
769 3053 883 3117 Will'o
899 3061 933 3118 et
950 3054 1019 3118 ber.
1038 3074 1063 3118 s,
1081 3054 1136 3117 vel
1152 3074 1219 3118 eor.
1238 3053 1361 3137 assign.

249 3157 291 3221 de
315 3156 397 3221 d'no
420 3157 534 3222 Will'o
557 3157 587 3221 10
611 3159 754 3223 Vawsur
777 3158 943 3223 canonico
967 3158 1092 3242 Ripon'
1118 3158 1196 3221 eccl.
1223 3164 1257 3221 et
1281 3157 1363 3221 d’no

248 3261 338 3326 illius
366 3261 456 3326 feodi
484 3268 519 3325 et
547 3262 589 3326 de
616 3283 705 3327 succ.
731 3283 756 3327 S.
783 3263 967 3337 canonicis,
992 3262 1024 3327 li.
1054 3262 1124 3347 qui.
1151 3264 1238 3353 bene
1265 3268 1299 3325 et
1327 3261 1362 3325 in

248 3384 343 3448 pace,
364 3386 443 3430 cum
464 3387 555 3431 omn.
582 3367 639 3431 lib.
671 3367 814 3449 aysiam.
837 3373 936 3431 tante
956 3373 1045 3430 terre
1065 3367 1188 3450 pertin.
1211 3366 1244 3430 in
1265 3386 1360 3450 perp.

249 3469 359 3535 Redd.
388 3469 467 3534 inde
493 3491 525 3554 p.
554 3492 633 3536 ann.
662 3471 726 3535 eid.
755 3471 836 3536 d'no
862 3471 976 3535 Will'o
1002 3471 1032 3534 le
1058 3472 1199 3536 Vawsor
1224 3491 1298 3536 can.
1327 3476 1361 3536 et

248 3594 386 3638 sucos.
409 3574 592 3650 canonicis
615 3574 687 3658 vjd.
710 3582 840 3660 argent.
864 3576 1001 3640 mediet.
1025 3596 1069 3640 sc.
1093 3575 1137 3640 ad
1158 3575 1180 3640 i.
1205 3574 1236 3639 S.
1260 3575 1304 3640 M.
1327 3581 1361 3638 et

248 3677 351 3742 aliam
373 3679 461 3743 med.
485 3679 530 3743 ad
552 3679 649 3744 Pent.
673 3699 735 3762 pro
756 3679 916 3744 omnibus
940 3679 1089 3744 serviciis
1110 3686 1144 3743 et
1167 3681 1267 3743 rebus
1288 3678 1362 3742 aliis

247 3801 314 3865 que
334 3781 428 3866 pred.
448 3789 535 3847 terre
556 3783 708 3848 accidere
728 3790 882 3866 possunt.
934 3783 1124 3866 (Worrontp
1148 3783 1281 3861 clause).
1321 3783 1361 3847 111

247 3906 275 3950 c.
297 3906 323 3951 r.
345 3892 371 3951 t.
393 3887 426 3951 h.
448 3907 476 3952 c.
500 3907 532 3970 p.
555 3888 615 3982 sig.
637 3894 756 3952 nostra
777 3888 1010 3972 apposuimus
1059 3888 1103 3952 H.
1126 3893 1164 3962 t.,
1186 3887 1299 3951 Will’o
1319 3887 1361 3951 de

248 3989 423 4075 Stodelay,
437 3991 551 4056 Will’o
564 3991 720 4066 Aldreth‚
736 3991 849 4056 Rob’o
863 3992 905 4056 de
923 3992 1042 4066 Miton,
1059 3992 1132 4055 Ric'
1148 3990 1360 4075 Carpentar’,

248 4093 334 4179 Rog.
357 4095 467 4170 fabro,
488 4102 522 4159 et
543 4095 627 4160 aliis

250 4309 300 4374 4ο.
637 4301 724 4384 (127)
752 4302 808 4366 Da
833 4318 972 4366 ronan.

335 4466 467 4532 Notum
499 4467 544 4531 sit
576 4468 747 4543 omnibus,
780 4489 830 4552 pr.
865 4475 899 4532 et
932 4468 996 4532 fut.
1031 4488 1079 4552 pr.
1113 4488 1175 4532 scr.
1209 4469 1271 4533 vis¹
1305 4470 1360 4533 vel
1421 4494 1537 4543 c.127o.

246 4571 427 4646 audituris,
461 4571 555 4655 quod
587 4592 650 4656 ego
683 4573 816 4637 Matild'
850 4572 1027 4657 quondam
1060 4593 1117 4637 VX.
1153 4572 1283 4636 Thome
1316 4574 1360 4638 ad

247 4675 393 4740 Pontem
415 4676 451 4739 in
474 4675 646 4740 viduitate
669 4697 746 4741 mea
768 4684 802 4741 et
825 4677 906 4762 ligia
928 4683 1113 4760 potestate,
1138 4676 1227 4752 dedi,
1251 4697 1358 4753 conc„

245 4786 280 4846 et
301 4801 334 4864 p.
356 4801 385 4845 c.
407 4779 497 4845 coni.
521 4779 602 4844 d’no
622 4781 736 4846 Will’o
759 4781 789 4845 10
810 4782 945 4846 Vausor
968 4801 1030 4867 pro
1050 4781 1203 4865 quadam
1223 4801 1360 4847 summa
