3392 5650
418 727 484 793 250
704 714 783 778 Tua
808 714 966 779 lucum(
990 716 1238 780 Mnuuscnrrr.

218 889 274 937 and
287 888 389 938 ricence
416 890 536 975 Anglie
560 899 594 956 et
619 894 760 956 Francie
785 893 936 968 illustris
963 915 1003 957 ac
1027 893 1135 957 eciam
1159 893 1363 957 venerabilis
1386 894 1421 956 in
1447 893 1527 977 Xpo

223 970 374 1085 Tioraeii'y.
415 996 523 1078 patris
554 1002 589 1059 et
619 996 701 1072 d'ni,
734 997 805 1061 d'ni
836 998 958 1080 Joh’is,
991 997 1055 1062 Dei
1085 997 1199 1081 gracia
1231 998 1334 1061 Ebor.
1367 996 1524 1082 Archiep.

284 1089 288 1097 ¹
415 1099 513 1184 Angl.
533 1101 705 1176 Primatis,
724 1108 759 1165 et
776 1101 973 1186 Apostolice
990 1102 1079 1165 sedis
1096 1102 1210 1186 legati,
1230 1122 1362 1166 necnon
1380 1102 1526 1167 aliorum

413 1204 567 1269 omnium
596 1226 743 1289 quorum
772 1206 916 1270 interest
945 1206 1088 1281 dedisse,
1119 1207 1334 1282 concessisse,
1365 1212 1399 1269 et
1428 1207 1460 1271 h.
1491 1227 1524 1290 p.

412 1329 440 1372 c.
464 1329 509 1373 m.
531 1310 750 1374 confirmasse
772 1311 856 1385 Deo,
879 1312 980 1374 beate
1002 1311 1118 1386 Marie,
1140 1316 1175 1373 et
1196 1310 1357 1375 omnibus
1377 1311 1525 1386 Sanctis

412 1418 447 1475 et
473 1412 555 1477 d’no
578 1413 692 1478 Will’o
716 1413 758 1477 de
783 1414 982 1497 Plumpton,
1000 1414 1194 1497 Capeliano,
1216 1420 1251 1478 et
1277 1415 1527 1478 successoribus

413 1517 482 1581 suis
507 1517 708 1601 Capellanis,
738 1518 857 1583 diuina
888 1518 991 1583 modo
1023 1525 1058 1582 et
1090 1519 1202 1583 forma
1232 1518 1459 1602 infrascriptis
1490 1520 1526 1584 in

413 1622 565 1705 quadam
579 1623 716 1707 Capella
730 1624 831 1687 beate
846 1624 952 1687 Marie
965 1623 1113 1707 Virginis
1127 1624 1162 1687 in
1176 1623 1259 1687 villa
1273 1623 1315 1687 de
1329 1623 1526 1688 Clotherom

413 1726 553 1802 situata,
581 1748 642 1811 pro
677 1727 859 1792 animabus
894 1728 1120 1812 infrascriptis
1154 1728 1408 1812 imperpetuum
1442 1728 1526 1792 cele-

199 1838 399 1889 Endowments
413 1831 573 1907 braturiS,
590 1852 699 1896 vnum
715 1832 940 1917 mesuagium,
960 1838 1029 1896 tres
1046 1852 1142 1896 acras
1165 1832 1266 1916 prati,
1290 1837 1325 1895 et
1348 1833 1528 1917 sexaginta

413 1941 448 1999 et
474 1936 646 2000 sexdecim
672 1936 838 2000 solidatas
866 1935 1021 2001 redditus
1048 1957 1127 2000 cum
1154 1937 1276 2020 pertin.
1305 1937 1340 1999 in
1367 1936 1456 2000 villis
1483 1937 1526 2001 de

413 2039 609 2104 Clotherom
649 2047 684 2104 et
724 2041 874 2124 Ripon';
914 2040 1064 2105 Tenend.
1106 2046 1140 2104 et
1180 2041 1328 2105 habend.
1370 2041 1525 2125 predicta

412 2144 637 2229 mesuagium,
666 2150 735 2208 tres
763 2165 860 2209 acras
888 2145 990 2229 prati,
1020 2150 1055 2208 et
1082 2145 1262 2229 sexaginta
1290 2151 1325 2208 et
1352 2145 1525 2209 sexdecim

412 2247 578 2318 solidatas
594 2248 760 2323 redditus,
778 2270 857 2313 cum
874 2248 1034 2313 omnibus
1055 2249 1177 2333 pertin.
1196 2249 1276 2324 suis,
1294 2249 1429 2333 prefato
1445 2249 1527 2314 d’no

412 2352 525 2417 Will’o
548 2353 732 2436 Capeliano
755 2359 790 2417 et
812 2374 903 2418 succ.
927 2374 953 2417 S.
978 2353 1169 2437 Capelianis
1192 2353 1310 2417 diuina
1332 2353 1367 2417 in
1390 2353 1526 2437 prefata

412 2456 550 2541 Capella
569 2458 602 2521 b.
622 2458 727 2521 Marie
744 2458 786 2521 de
803 2457 1002 2522 Clotherum
1018 2463 1058 2530 vt
1075 2457 1291 2542 premittitur
1305 2457 1527 2539 celebraturis

411 2581 473 2644 pro
498 2561 679 2626 animabus
703 2562 941 2646 infrascriptis,
966 2562 1081 2637 libere,
1106 2561 1233 2646 quiete,
1258 2562 1400 2646 integre,
1425 2563 1523 2638 bene,

411 2671 446 2729 et
474 2666 509 2729 in
537 2686 632 2749 pace,
662 2666 705 2730 de
734 2666 948 2750 Capitalibus
976 2666 1067 2730 d’nis
1091 2666 1269 2730 feodorum
1292 2666 1438 2741 illorum,
1468 2686 1528 2750 per

411 2769 555 2835 seruicia
582 2770 661 2841 inde
690 2771 808 2836 debita
832 2776 867 2835 et
891 2776 1065 2846 consueta,
1091 2771 1357 2856 imperpetuum,
1386 2771 1421 2836 in
1449 2790 1524 2855 pur.

412 2882 446 2940 et
470 2896 563 2960 perp.
589 2875 630 2940 el.
655 2876 745 2940 sicut
768 2877 885 2960 aliqua
908 2882 1107 2940 tenementa
1131 2876 1284 2960 quiecius
1306 2897 1366 2940 seu
1389 2875 1527 2940 liberius

412 2980 497 3056 dari,
520 2980 672 3056 concedi,
696 2980 841 3044 conferri
863 2986 1028 3064 poterunt
1050 3001 1110 3044 seu
1132 2979 1240 3044 eciam
1262 2979 1439 3064 possideri,
1462 2981 1527 3044 sub

412 3085 477 3148 hac
494 3091 611 3148 tamen
628 3084 847 3149 ordinacione
864 3105 941 3149 mea
957 3105 1024 3169 que
1040 3084 1196 3169 sequitur
1211 3084 1245 3148 in
1263 3085 1356 3148 hunc
1372 3083 1524 3149 modum.

210 3269 346 3333 Chaplain
359 3274 390 3319 to
503 3268 542 3330 In
575 3267 706 3345 primis,
732 3265 812 3329 volo
836 3270 871 3328 et
898 3270 1070 3348 quatenus
1095 3264 1139 3327 ad
1166 3284 1221 3327 me
1249 3263 1376 3327 attinet
1405 3263 1526 3327 ordino

197 3336 398 3466 pgtplreesgffia
413 3369 448 3432 in
471 3369 538 3452 hijs
560 3369 706 3453 scriptis
724 3369 819 3453 quod
836 3368 950 3433 dictus
973 3368 1050 3433 d'ns
1072 3367 1241 3432 Will’mus
1264 3367 1468 3451 Capelianus
1491 3373 1525 3431 et

219 3536 224 3546 ,
255 3474 297 3545 ter
310 3470 352 3545 ¹⁰!
413 3493 621 3537 successores
640 3473 692 3536 sui
713 3472 888 3556 Capellani
907 3472 967 3556 qui
987 3493 1049 3556 pro
1069 3478 1224 3556 tempore
1243 3472 1372 3536 fuerint
1392 3492 1452 3556 per
1471 3492 1526 3535 me

217 3540 378 3666 {affin
413 3577 580 3661 quamdiu
611 3577 729 3641 vixero
760 3582 795 3640 et
828 3583 907 3660 post
939 3577 1115 3640 decessum
1133 3597 1262 3640 meum
1294 3596 1354 3660 per
1385 3575 1526 3640 heredes

412 3702 506 3746 meos
531 3681 718 3746 venerabili
743 3681 907 3764 Capitulo
932 3681 1011 3745 eccl.
1040 3681 1164 3764 Ripon'
1192 3681 1281 3744 infra
1306 3680 1428 3765 viginti
1454 3680 1526 3744 dies

411 3807 432 3849 a
470 3792 624 3870 tempore
662 3785 845 3850 cuiuslibet
883 3791 965 3850 note
1002 3786 1197 3850 vacacionis
1235 3785 1326 3849 dicte
1364 3784 1526 3848 Cantarie

411 3896 676 3974 presententur‚¹
713 3895 748 3953 et
781 3910 842 3973 per
882 3890 1015 3954 dictum
1056 3889 1255 3974 Capitulum
1296 3889 1527 3953 instituantur

411 3995 573 4059 canonice
604 3995 639 4058 in
671 3994 802 4058 eadem.
851 3994 885 4059 Si
916 4014 998 4058 vero
1029 4015 1092 4079 ego
1123 3994 1178 4056 vel
1210 3993 1350 4057 heredes
1381 3993 1448 4057 mei
1479 3993 1524 4057 ad

411 4099 609 4163 Cantariam
629 4099 774 4163 eandem
794 4098 883 4163 infra
905 4098 1101 4162 huiusmodi
1120 4098 1244 4182 viginti
1264 4097 1336 4161 dies
1355 4098 1400 4161 ab
1418 4097 1525 4180 ipsius

410 4203 604 4268 vacacionis
641 4209 796 4286 tempore
833 4203 996 4266 continue
1033 4202 1263 4266 numerandos
1300 4201 1524 4285 Capelianum

410 4308 584 4392 ydoneum
603 4308 817 4372 omiserimus
835 4328 896 4371 seu
915 4306 1148 4371 distulerimus
1166 4313 1375 4391 presentare,
1396 4312 1524 4371 extunc

410 4411 501 4476 idem
518 4412 716 4496 Capitulum
733 4412 823 4475 infra
840 4411 925 4475 alios
942 4432 1038 4495 prox.
1057 4417 1185 4475 extunc
1201 4416 1383 4495 sequentes
1400 4410 1524 4495 viginti

410 4516 482 4580 dies
504 4517 676 4600 prefatam
698 4515 898 4580 Cantariam
921 4514 1107 4599 Capellano
1129 4514 1264 4598 ydoneo
1287 4513 1466 4578 conferant
1488 4521 1523 4579 et

410 4621 596 4704 disponant
614 4620 672 4684 illa
690 4619 764 4684 vice
782 4619 887 4683 libere
905 4619 947 4683 de
966 4619 1096 4683 eadem.
1145 4619 1192 4682 Et
1210 4619 1238 4683 si
1257 4619 1372 4683 forsan
1390 4619 1523 4683 dictum

481 4827 489 4851 ¹
508 4821 565 4871 MS.
579 4821 629 4870 has
645 4821 822 4885 “p’sentur.''
