3392 5650
122 1518 246 1568 Prebend
265 1521 295 1568 ol

121 1587 255 1635 Nuntiet
270 1589 296 1634 in

323 712 387 776 126
608 712 686 777 Tur
712 713 868 777 lsoriar
891 712 1139 780 Mascscmrr.

319 892 470 964 clericus,
493 893 737 975 prebendarius
756 893 930 977 prebende
949 893 1015 956 S'ci
1038 893 1212 957 Michaelis
1231 895 1267 958 in
1286 895 1428 959 ecclesia

319 997 499 1079 collegiata
523 998 588 1060 S'ci
613 997 724 1079 Joh'is
749 997 921 1060 Beuerlac'
946 1007 980 1059 et
1005 999 1179 1081 prebende
1201 999 1245 1062 de
1268 998 1429 1082 Nonun'k

321 1102 354 1164 in
383 1101 476 1164 dicta
504 1103 643 1165 ecclesia
670 1103 713 1165 de
743 1102 892 1185 Ripon'.
920 1112 953 1164 et
983 1102 1095 1165 Adam
1125 1104 1324 1176 Fenrother‚
1352 1125 1427 1188 pre

321 1206 504 1270 bendarius
517 1207 688 1289 prebende
700 1208 818 1270 altaris
831 1208 897 1270 S'ci
910 1206 1033 1288 Jacobi
1046 1209 1081 1271 in
1094 1209 1234 1271 ecclesia
1246 1209 1428 1293 collegiata

320 1310 385 1374 S'ci
419 1311 530 1393 Joh'is
564 1312 749 1383 Beuerlaci,
782 1312 948 1395 predicta.
981 1312 1146 1375 beneficia
1177 1334 1240 1376 sua
1273 1314 1428 1397 predicta

320 1416 514 1489 intendant,
544 1430 582 1481 ut
611 1427 778 1489 assemnt
807 1418 1000 1481 adinuicem
1028 1419 1192 1481 canonice
1219 1431 1428 1501 perarmare,

321 1520 365 1583 Et
391 1541 453 1583 nos
475 1520 605 1584 dictam
629 1521 838 1603 prebendam
863 1523 906 1586 de
930 1523 1089 1607 Mounyk
1112 1526 1147 1587 in
1170 1524 1264 1587 dicta
1287 1524 1430 1587 ecclesia

113 1654 155 1701 n„
170 1655 260 1701 hands
278 1653 308 1701 ot
320 1624 362 1687 de
390 1625 525 1708 Rypon'
552 1626 597 1688 ad
622 1637 775 1689 nostram
801 1627 1026 1691 donacionem
1050 1637 1267 1711 spectantem
1293 1628 1429 1691 racione

131 1721 179 1769 the
190 1721 288 1768 erm

118 1787 174 1834 sede
189 1795 305 1835 vocam,

321 1731 561 1812 temporalium
589 1732 913 1813 Archiepiscopatus
941 1733 1043 1795 Ebor.
1071 1753 1183 1816 nuper
1208 1733 1367 1796 vacantis
1393 1740 1428 1795 et

321 1835 354 1897 in
369 1855 474 1897 manu
488 1849 604 1898 nostra
618 1836 808 1907 existentis,
823 1837 959 1917 prelato
971 1838 1046 1900 Ade
1058 1857 1101 1900 ex
1114 1858 1218 1901 causa
1231 1836 1429 1900 huiusmodi

320 1939 587 2021 pennutacionis
634 1938 787 2002 faciende
831 1939 1026 2005 dederimus
1070 1950 1104 2004 et
1149 1942 1428 2015 concesserimus,

322 2043 480 2106 Habend.
501 2065 581 2107 cum
602 2045 672 2106 suis
693 2045 823 2106 iuribus
842 2055 878 2107 et
900 2046 1120 2128 pertinenciis
1140 2046 1428 2129 quibuscumque,

320 2159 422 2231 prout
447 2149 480 2211 in
505 2150 611 2211 literis
633 2150 759 2212 nostris
782 2150 984 2231 patentibus
1005 2149 1085 2213 inde
1107 2150 1273 2213 confectis
1295 2149 1429 2232 plenius
1495 2230 1500 2236 .

319 2254 526 2326 continetur,
547 2254 653 2316 Vobis
672 2253 879 2316 mandamus
896 2241 991 2337 quod
1009 2254 1120 2317 eidem
1139 2254 1215 2317 Ade
1232 2254 1374 2317 stallum
1393 2254 1428 2317 in

319 2359 424 2422 choro
451 2373 485 2421 et
515 2359 628 2422 locum
657 2360 691 2423 in
719 2360 873 2442 capitulo
901 2360 1036 2422 racione
1064 2359 1157 2421 dicte
1184 2357 1358 2442 prebende
1385 2357 1428 2421 de

321 2462 478 2545 Nonuyk
507 2484 549 2525 ex
578 2484 681 2526 causa
710 2463 864 2545 predicta
893 2471 996 2546 prout
1024 2463 1129 2541 moris
1156 2470 1208 2525 est
1237 2462 1426 2546 assignetis.

320 2568 421 2631 Teste
438 2589 492 2631 me
510 2569 584 2651 ipso
600 2568 694 2651 apud
711 2567 854 2631 M'estm.
874 2588 922 2630 xv
938 2567 994 2629 die
1010 2566 1197 2629 Nouembr.
1216 2567 1318 2630 Anno
1334 2567 1429 2650 regni

321 2674 427 2736 nostri
447 2674 610 2737 ricesimo
628 2673 748 2755 primu.

323 2857 411 2935 (203)
431 2855 592 2918 Moxrcro
608 2871 720 2916 racis
736 2854 824 2917 n'xo
839 2852 939 2934 Jorr'r
956 2851 1105 2915 Mceatc
1120 2851 1176 2914 Δι’
1194 2868 1324 2915 orcrt's
1339 2851 1429 2914 Etr.

410 2996 671 3060 Memorandum
689 2995 784 3079 quod
801 3002 929 3078 quarto
947 2993 1002 3056 die
1022 2993 1221 3056 Decembris
1238 3013 1332 3056 anno
1350 2992 1432 3055 D'ni

205 3105 222 3114 ”
255 3104 261 3113 ’
323 3101 502 3163 Millesimo
537 3113 637 3163 cccmo
672 3099 894 3182 nonogesimo
934 3117 1037 3169 nono,
1076 3096 1206 3180 Mag⁹f⁰
1238 3095 1352 3158 Wffl’0
1387 3095 1431 3158 de

322 3205 447 3268 Cawod
473 3211 507 3268 et
534 3204 615 3267 d'no
640 3203 741 3284 Joh’e
766 3202 809 3265 de
836 3202 941 3275 Dene,
969 3201 1149 3264 Canonicis
1173 3200 1324 3284 Capituli
1349 3200 1429 3278 eccl.

322 3309 445 3392 Colleg.
470 3307 607 3390 Rppon’
630 3305 874 3389 Capitulariter
893 3306 1118 3390 congregatis
1140 3305 1335 3388 comparuit
1357 3324 1431 3387 per-

321 3414 485 3477 sonaliter
500 3432 615 3475 coram
632 3411 760 3473 eisdem
777 3410 854 3474 d’ns
870 3411 989 3492 joh’es
1006 3410 1142 3493 Mepall,
1160 3410 1308 3473 vicarius
1324 3407 1430 3482 chori,

321 3539 424 3603 quem
442 3517 582 3601 quidem
600 3517 695 3580 d'nm
713 3516 850 3597 Joh’em
869 3515 993 3599 Mepall
1011 3515 1125 3578 dictus
1143 3514 1306 3598 Magister
1321 3513 1432 3577 Will’s

321 3625 365 3688 de
396 3622 521 3686 Cawod
552 3641 654 3704 super
684 3621 857 3685 nonnullis
888 3620 1041 3685 articulis
1072 3619 1257 3703 impetiuit‚
1290 3626 1325 3682 et
1356 3638 1431 3701 pre·
1511 3626 1514 3630 ’

321 3729 438 3792 sertim
456 3747 559 3810 super
575 3746 616 3788 eo
632 3724 727 3808 quod
745 3725 858 3808 plures
878 3725 949 3807 (sic.)
970 3731 1005 3788 et
1022 3725 1125 3788 nimis
1142 3724 1341 3808 frequenter
1356 3743 1393 3786 se
1410 3745 1432 3786 a

320 3835 425 3898 choro
456 3830 665 3903 absentauit,
698 3829 838 3892 licencia
870 3851 939 3894 non
970 3829 1081 3912 petita
1113 3848 1175 3892 nec
1207 3828 1363 3901 obtenta,
1396 3833 1431 3890 et

320 3939 414 4022 quod
440 3936 567 4002 diuinis
592 3933 714 4017 officijs
740 3934 775 3997 in
800 3935 905 3997 choro
931 3940 1034 4018 prout
1060 3933 1181 3996 debuit
1207 3931 1433 4016 personaliter

321 4065 390 4108 non
419 4041 587 4114 interfuit,
618 4039 870 4122 propositisque
898 4039 1107 4101 verbotenus
1134 4035 1345 4120 quibusdam
1373 4055 1431 4098 ex·

320 4147 559 4213 cusacionibus
586 4165 647 4229 per
673 4145 785 4227 ipsum
813 4144 909 4207 d'nm
936 4141 1074 4223 Joh'em
1101 4140 1203 4204 iactis
1230 4139 1369 4203 {reuolis
1396 4145 1431 4202 et

322 4251 515 4317 imbricatis
533 4250 618 4332 (sic),
636 4248 786 4321 demum,
804 4247 933 4311 habitis
949 4245 1196 4309 deliberacione
1212 4252 1247 4309 et
1264 4250 1430 4318 tractatu,

321 4357 476 4441 prelatus
503 4354 664 4438 Magister
690 4352 799 4415 Will's
825 4352 868 4415 de
894 4350 1030 4424 Carvod,
1058 4351 1132 4413 vice
1158 4356 1193 4413 et
1220 4348 1431 4414 auctoritate

321 4461 481 4545 Capituli,
499 4458 634 4522 monuit
651 4476 731 4539 sepe
747 4455 881 4519 dictum
897 4455 993 4520 d’nm
1010 4455 1148 4536 Joh'em
1166 4455 1290 4538 Mepall
1307 4455 1430 4539 prim0,

320 4565 482 4639 secundo,
506 4570 541 4626 et
566 4562 671 4626 tercio
695 4567 729 4623 et
754 4560 958 4643 peremtorie
981 4560 1076 4643 quod
1100 4560 1141 4623 de
1165 4567 1280 4624 cetero
1303 4559 1431 4623 iaceret

321 4670 476 4734 debitam
510 4674 655 4732 sectam¹
691 4667 795 4728 choro
831 4671 904 4727 tam
941 4664 1173 4728 interessendo
1208 4663 1433 4748 personaliter

322 4788 476 4872 ml'us
492 4821 542 4870 uas
557 4826 572 4842 ··
583 4819 724 4868 Cectam.¹¹
