3392 5650
175 2568 249 2626 1389.

151 2631 218 2694 July
235 2644 273 2691 19.

157 2723 267 2773 Similar

147 2791 279 2841 mandate

146 2858 218 2906 from
232 2857 280 2907 the

171 2940 254 2974 same.

324 696 385 762 118
607 698 686 762 Tne
712 698 867 762 Inortar
892 697 1138 761 Manoscrnpr.

321 882 516 960 spectantes
545 877 645 960 pleno
674 876 745 941 iure
775 876 837 939 tibi
868 876 1073 940 conferimus
1102 875 1232 939 intuitu
1260 874 1426 948 caritatis,

321 987 355 1044 et
379 986 413 1043 te
436 1001 496 1064 per
517 981 633 1045 birreti
658 981 766 1044 nostri
789 980 1014 1044 tradicionem
1038 979 1240 1043 inuestimus
1263 978 1428 1062 presenci-

322 1084 420 1148 aliter
443 1085 484 1148 de
508 1085 646 1159 eisdem,
671 1085 891 1153 decernentes
914 1091 949 1148 te
971 1084 1032 1147 vel
1049 1088 1305 1167 procuratorem
1329 1089 1429 1147 tuum

322 1194 383 1252 tuo
401 1189 538 1253 nomine
557 1189 591 1252 in
609 1188 820 1273 corporalem
838 1189 1085 1272 possessionem
1104 1188 1274 1252 dictorum
1292 1187 1429 1251 canoni-

322 1300 421 1357 catus
458 1300 493 1356 et
531 1294 702 1377 prebende
741 1294 811 1356 lore
849 1292 1032 1357 actualiter
1070 1292 1312 1367 inducendum,
1352 1312 1430 1356 curn

322 1398 481 1461 omnibus
507 1382 586 1461 suis*
602 1398 732 1462 iuribus
757 1404 792 1461 et
818 1397 1036 1481 pertinenciis
1061 1397 1238 1461 vniuersis.
1287 1397 1367 1459 Dat.
1396 1395 1430 1459 in

323 1502 474 1586 hospicio
505 1508 622 1566 nostro
653 1503 752 1567 iuxta
778 1501 933 1578 Westm.,
966 1502 1098 1566 decimo
1123 1502 1177 1565 die
1208 1501 1333 1565 mensis
1366 1501 1431 1563 De·

323 1606 477 1682 cembris‚
525 1606 625 1671 Anno
672 1607 810 1671 Domini
854 1607 1030 1671 Millesimo
1074 1610 1178 1671 eccffl0'
1211 1605 1431 1690 nonogesimo

323 1712 482 1786 secundo,
503 1718 537 1775 et
556 1719 671 1775 nostre
690 1712 940 1776 Translacionis
958 1712 1091 1796 quinto.

593 1916 679 2000 (186)
708 1917 783 1979 Pno
806 1916 940 1980 Tuonn
964 1916 1164 2003 Foarsren.

340 2133 345 2142 .
411 2087 482 2151 The
502 2085 746 2169 Archbishop’s
765 2084 930 2148 mandate
950 2090 987 2148 to
1008 2084 1138 2159 induet,
1160 2083 1321 2168 repeated
1342 2084 1430 2147 from

325 2193 388 2256 ΝΟ.
411 2192 483 2274 184.

323 2392 372 2457 53.
431 2383 518 2465 (187)
547 2382 603 2445 Dr
625 2398 856 2446 canourcaru
882 2397 1077 2443 PREBENDE
1103 2397 1151 2443 us
1177 2380 1398 2443 Munnrron

412 2550 571 2624 Thomas,
600 2549 820 2633 permissione
847 2548 966 2612 diuina
994 2549 1096 2611 Ebor.
1126 2548 1282 2632 Archiep.
1311 2546 1432 2632 Anglie

325 2654 462 2738 primas
495 2659 529 2717 et
561 2660 670 2738 apost.
708 2654 796 2717 sedis
826 2653 969 2738 legatus,
1002 2654 1135 2718 dilectis
1165 2652 1241 2715 filiis
1273 2650 1432 2735 Capitulo

324 2760 403 2825 eccl.
428 2766 543 2824 nostre
566 2758 647 2822 Coll.
672 2758 738 2824 S'ei
761 2758 869 2822 Willr.
895 2759 984 2843 Ryp.
1010 2780 1047 2822 sa
1069 2779 1138 2844 gra.
1164 2764 1197 2820 et
1221 2757 1297 2820 ben.
1345 2755 1431 2819 Cum

325 2885 387 2928 nos
415 2865 622 2928 auctoritate
650 2864 825 2927 literarum
854 2863 1121 2947 apostolicarum
1149 2868 1183 2926 et
1212 2881 1431 2946 processuum

325 2969 404 3032 inde
430 2969 600 3033 factarum
628 2968 698 3051 (sic)
726 2967 839 3032 dilect.
867 2968 911 3031 fil.
940 2968 1123 3052 Hugonem
1148 2967 1190 3031 de
1215 2965 1432 3049 Cotyngham

326 3074 552 3158 presbiterum
586 3073 630 3136 ad
662 3072 873 3156 corporalem
906 3073 1153 3155 possessionem
1186 3071 1358 3155 prebende
1391 3069 1433 3133 de

327 3178 516 3241 Munketon
538 3178 572 3240 in
595 3177 688 3241 dicta
710 3177 788 3241 eccl.
812 3182 930 3240 nostra
952 3176 1067 3261 colleg.
1092 3176 1182 3260 Ryp.
1206 3196 1266 3260 per
1287 3182 1434 3252 mortem

327 3282 446 3365 Mag'ri
483 3280 547 3345 Ad.
587 3282 628 3345 de
665 3281 843 3345 Thomton
881 3280 994 3345 Vltimi
1031 3281 1245 3365 prebendarii
1282 3279 1434 3344 eiusdem

327 3385 483 3448 vacantis
523 3385 550 3447 si
591 3392 625 3447 et
665 3390 837 3468 quatenus
877 3385 912 3448 vi
952 3393 986 3448 et
1027 3386 1142 3470 vigore
1183 3385 1359 3449 literarum
1399 3390 1433 3447 et

327 3509 547 3572 processuum
582 3489 732 3572 ipsorum
767 3489 979 3564 tenebamur,
1015 3497 1050 3554 et
1084 3511 1152 3555 non
1187 3490 1295 3566 aliter,
1330 3490 1435 3555 saluis

328 3592 427 3657 nobis
449 3599 483 3657 et
506 3593 755 3656 successoribus
777 3593 902 3657 nostris
925 3614 964 3658 ac
986 3594 1123 3658 ecclesie
1145 3601 1260 3658 nostre
1282 3595 1435 3679 predicte

288 3709 290 3720 '
329 3697 590 3782 excepcionibus
625 3704 659 3760 et
696 3697 949 3762 defensionibus
985 3705 1058 3763 tam
1093 3699 1294 3764 nullitatum
1329 3719 1435 3782 quam

329 3803 474 3867 aliarum
497 3801 719 3865 materiarum
743 3822 1039 3887 quorumcumque
1063 3808 1136 3867 tarn
1160 3809 1280 3867 contra
1304 3803 1435 3867 dictum

330 3908 512 3991 Hugonem
544 3926 649 3988 quam
681 3906 797 3969 literas
829 3912 863 3969 et
896 3927 1072 3990 processus
1105 3914 1312 3971 memoratos
1344 3927 1435 3972 com-

330 4011 528 4095 petentibus
573 4010 628 4073 vel
672 4011 910 4094 competituris
955 4012 989 4075 in
1035 4033 1215 4097 personam
1262 4013 1348 4077 Ric'i
1394 3999 1455 4076 de

329 4115 506 4199 Appulton
543 4114 653 4178 cleriei
688 4117 918 4198 procuratoris
954 4117 1005 4181 sui
1041 4117 1265 4182 sufficientem
1302 4119 1336 4183 in
1371 4119 1436 4182 hac

329 4226 427 4304 parte
445 4225 655 4303 potestatem
672 4219 832 4283 habentis
849 4221 1059 4286 admisimus.
1108 4222 1213 4286 Vobis
1230 4223 1436 4288 mandamus

327 4324 492 4408 quatinus
530 4324 618 4387 eirca
653 4323 827 4406 prelatum
866 4326 1049 4410 Hugonem
1087 4326 1141 4390 vel
1180 4333 1436 4411 procuratorem

327 4449 428 4492 suum
452 4428 523 4492 eius
547 4428 684 4491 nomine
708 4429 841 4492 faciatis
876 4437 910 4494 et
945 4433 1161 4516 exequamini
1196 4433 1230 4496 in
1265 4455 1304 4497 ea
1339 4439 1437 4517 parte

327 4532 470 4596 vlterius
502 4532 596 4616 quod
628 4538 678 4595 est
711 4538 875 4597 vestrum.
923 4534 1052 4599 Valete.
1101 4537 1182 4600 Dat.
1217 4538 1251 4600 in
1284 4539 1436 4602 manerio

328 4644 446 4703 nostro
462 4637 504 4701 de
521 4638 662 4701 Westm.
682 4637 758 4700 xix⁰
773 4637 827 4702 die
843 4640 969 4702 mensis
985 4639 1067 4722 Julij
1087 4640 1188 4704 Anno
1205 4642 1276 4705 d¹ni
1294 4641 1436 4706 Mill'mo

327 4741 590 4816 cccm01xxxix0,
612 4747 646 4804 et
665 4747 780 4805 nostre
800 4741 1049 4808 Translacionis
1068 4745 1227 4811 secundo.
