3392 5650
324 701 388 782 236
610 704 689 767 Tne
715 703 871 767 Incrrar
896 703 1142 768 Manuscmnr.

323 881 438 945 literas
461 888 596 946 nostras
620 881 729 967 sigillo
753 881 852 966 officij
881 881 1109 965 Commissarij
1137 882 1248 947 nostri
1273 882 1345 947 fieri
1370 883 1436 947 tibi

323 987 464 1051 fecimus
491 986 747 1051 testimoniales,
795 988 877 1051 Dat.
906 987 1011 1051 tercio
1038 986 1093 1051 die
1119 987 1246 1051 mensis
1272 987 1432 1072 Augusti,

322 1091 423 1155 Anno
472 1091 553 1155 D'ni
608 1091 786 1155 Millesimo
835 1091 1175 1176 quadringentesimo
1225 1092 1437 1177 sexagesimo

322 1196 479 1280 septimo,

326 1364 413 1444 (332)
468 1363 698 1427 Aocromrns
751 1379 1019 1427 sorannrzanm
1074 1363 1345 1427 Marnrnomun
1396 1382 1435 1428 ru

368 1467 533 1531 capram
557 1483 767 1531 romnseca

412 1609 610 1694 Capitulum
649 1609 786 1674 ecclesie
825 1608 1002 1694 collegiate
1042 1609 1135 1673 beati
1176 1608 1268 1673 Petri
1308 1609 1433 1694 Ripon'

326 1714 454 1778 Rob’to
481 1713 638 1798 Sherupp
664 1734 758 1798 perp.
786 1713 915 1777 vicario
941 1713 1113 1798 prebende
1140 1713 1182 1777 de
1209 1714 1374 1797 Stodelay
1400 1714 1435 1778 in

324 1818 455 1893 eadem,
482 1817 639 1882 salutem.
687 1818 734 1882 Vt
760 1818 795 1882 in
821 1817 952 1902 capella
978 1817 1044 1882 S'ci
1070 1817 1181 1900 Joh'is
1208 1818 1367 1901 Baptiste
1393 1818 1435 1882 de

324 1922 503 1986 Thomton
538 1929 734 1986 nostrorum
769 1921 930 2005 territorii
969 1928 1004 1985 et
1039 1921 1198 2006 parochie
1233 1922 1312 1987 eccl.
1350 1922 1432 1988 Coll.

324 2026 497 2091 antedicte
530 2026 790 2091 matrimonium
823 2026 913 2090 inter
947 2027 1135 2091 Henricum
1168 2025 1358 2091 Walworth
1391 2026 1435 2091 de

323 2131 502 2195 Thomton
528 2131 670 2215 predict.
698 2131 945 2215 parochianum
972 2137 1072 2195 tuum
1098 2152 1140 2195 ex
1166 2152 1237 2195 vna
1262 2137 1372 2215 parte,
1399 2137 1435 2195 et

325 2235 528 2300 Katerinam
563 2256 685 2319 nuper·
707 2256 849 2299 vxorem
885 2234 987 2299 Will’i
1024 2235 1169 2318 Wythes
1204 2235 1247 2300 de
1284 2235 1432 2319 Kyrkby

324 2339 514 2404 Malveserd
537 2344 572 2404 et
595 2339 637 2403 de
661 2340 823 2424 parochia
846 2339 998 2404 eiusdem
1022 2361 1064 2403 ex
1087 2339 1196 2404 altera
1219 2346 1317 2424 parte
1340 2340 1433 2405 licite

323 2444 439 2508 valeas
462 2444 670 2508 solennizare
697 2444 725 2508 si
753 2444 894 2528 aliquod
917 2444 1122 2509 canonicum
1146 2443 1433 2528 impedimentum

322 2569 391 2613 non
423 2548 580 2624 obsistat,
613 2555 731 2613 tenore
761 2548 975 2633 presencium
1006 2548 1183 2614 licenciam
1213 2547 1433 2614 concedimus

322 2652 514 2738 specialem,
539 2653 622 2736 Jure
647 2706 653 2717 .
681 2705 687 2718 .
714 2705 720 2718 .
746 2652 849 2718 saluis
876 2654 925 2736 (os
947 2653 986 2716 in
1009 2653 1072 2718 No.
1097 2656 1187 2736 331).
1236 2654 1276 2717 In
1299 2675 1327 2718 c.
1353 2673 1378 2718 r.
1404 2659 1430 2718 t.

322 2757 469 2844 sigillum
481 2758 591 2824 Officii
604 2758 832 2843 Commissarij
847 2758 957 2822 nostri
969 2758 1184 2843 presentibus
1196 2758 1429 2844 apposuimus,

321 2864 402 2928 Dat.
426 2864 461 2928 in
483 2863 537 2929 de.
562 2865 636 2928 n'ra
657 2863 714 2928 Ca.
740 2864 865 2949 Ripon'
888 2862 1041 2949 predicte
1062 2863 1173 2928 —die
1195 2884 1301 2928 mens.
1326 2864 1431 2947 Ju-1

321 2968 422 3033 Anno
441 2968 522 3033 D’ni
541 2968 658 3033 Mill’io
677 2978 791 3033 ccccmo
809 2967 921 3049 lxvij0.

324 3149 411 3231 (333)
428 3148 659 3214 Aucromms
674 3165 944 3213 soreunrznnm
961 3147 1174 3213 Mnrnmonr
1178 3165 1193 3228 J
1210 3165 1249 3212 m
1264 3147 1429 3212 Annona,

409 3290 607 3374 Capitulum
618 3279 697 3355 eccl.
710 3290 792 3355 Coll.
806 3292 838 3355 b.
853 3292 943 3355 Petr.
958 3290 1083 3375 Ripon'
1097 3289 1226 3354 Rob'to
1239 3290 1431 3375 Brompton

321 3400 487 3479 perpetuo
503 3395 631 3459 vicario
647 3395 809 3479 prebend.
828 3395 870 3458 de
887 3394 1055 3459 Monkton
1071 3395 1106 3459 in
1123 3394 1253 3470 eadem,
1271 3395 1429 3460 salutem.

320 3500 367 3563 Vt
384 3506 463 3584 post
480 3500 600 3563 horam
616 3504 778 3583 quartam
795 3499 830 3563 in
847 3519 971 3564 aurora
986 3499 1021 3563 in
1038 3499 1188 3564 crastino
1204 3499 1431 3564 confeccionis

320 3603 532 3688 presencium
565 3604 600 3668 in
632 3603 711 3668 eccl.
746 3603 827 3669 Coll.
862 3604 1018 3688 predicta
1050 3603 1309 3669 Matrimonium
1342 3604 1431 3668 inter

320 3708 489 3773 Thomam
506 3708 662 3772 Bamard
679 3729 721 3772 ex
743 3729 813 3772 vna
834 3715 933 3793 parte
956 3714 990 3772 et
1014 3708 1243 3800 Margaretam
1265 3709 1431 3773 Dauson2

320 3834 362 3876 ex
378 3812 486 3877 altera
500 3818 598 3897 parte
614 3812 840 3897 parochianos
856 3819 935 3877 tuos
950 3812 996 3877 ad
1010 3818 1069 3877 tue
1085 3812 1224 3876 libitum
1239 3812 1431 3877 voluntatis

319 3917 472 4001 ipsorum
498 3917 667 3981 instancia
693 3917 868 3981 mediante
894 3917 986 3981 licite
1012 3916 1128 3981 valeas
1154 3916 1374 3992 solennizare,
1402 3916 1430 3980 si

319 4021 459 4106 aliquod
486 4021 690 4085 canonicum
717 4020 1004 4105 impedimentum
1031 4042 1100 4085 non
1126 4021 1284 4096 obsistat,
1311 4027 1430 4085 tenore

319 4126 532 4211 presencium
556 4125 732 4190 licenciam
756 4126 976 4190 concedimus
999 4125 1191 4210 specialem.
1239 4125 1323 4208 Jure
1349 4177 1355 4190 .
1384 4177 1390 4190 .
1419 4176 1425 4190 .

322 4232 371 4313 (as
398 4231 436 4295 iu
463 4230 527 4294 Nu.
556 4230 632 4312 331)
662 4229 788 4295 nostris
815 4231 851 4294 in
878 4230 1038 4295 omnibus
1064 4250 1198 4314 semper
1224 4229 1337 4294 saluis,
1387 4230 1428 4294 In

319 4356 346 4400 c.
375 4355 401 4400 r.
430 4342 455 4399 t.
485 4334 551 4419 sig.
580 4334 690 4418 Officij
721 4334 950 4418 Commissarij
980 4334 1089 4398 nostri
1116 4333 1331 4418 presentibus
1358 4334 1430 4398 iore

319 4439 481 4504 duximus
499 4439 754 4523 apponendum.
802 4440 883 4503 Dat.
904 4439 939 4502 in
958 4438 1012 4503 do.
1033 4460 1065 4503 n.
1087 4438 1143 4503 Ca.
1165 4438 1357 4522 penultimo
1375 4437 1430 4502 die

318 4543 476 4628 Augusti,
508 4542 609 4607 Anno
640 4543 722 4607 D'ni
754 4542 932 4607 Millesimo
963 4542 1303 4627 quadringentesimo
1334 4563 1430 4607 sexa-

319 4649 447 4733 gesimo
465 4647 624 4731 septimo.

390 4818 397 4842 ¹
417 4812 481 4862 Lett
494 4811 579 4861 blank
592 4811 620 4859 in
633 4811 690 4861 MS.
763 4817 773 4839 ²
791 4811 830 4860 Or
844 4810 980 4861 Danson?
