<?xml version="1.0" encoding="UTF-8"?>
<!DOCTYPE html PUBLIC "-//W3C//DTD XHTML 1.0 Transitional//EN"
    "http://www.w3.org/TR/xhtml1/DTD/xhtml1-transitional.dtd">
<html xmlns="http://www.w3.org/1999/xhtml" xml:lang="en" lang="en">
 <head>
  <title>
</title>
<meta http-equiv="Content-Type" content="text/html;charset=utf-8" />
  <meta name='ocr-system' content='tesseract 3.04.00' />
  <meta name='ocr-capabilities' content='ocr_page ocr_carea ocr_par ocr_line ocrx_word'/>
</head>
<body>
  <div class='ocr_page' id='page_1' title='image "./memorialschurch01fowlgoog_0324.png"; bbox 0 0 3392 5650; ppageno 0'>
   <div class='ocr_carea' id='block_1_1' title="bbox 354 716 1173 785">
    <p class='ocr_par' dir='ltr' id='par_1_1' title="bbox 354 716 1173 785">
     <span class='ocr_line' id='line_1_1' title="bbox 354 716 1173 785; baseline 0.002 -2"><span class='ocrx_word' id='word_1_1' title='bbox 354 716 417 784; x_wconf 86' lang='lat'>282</span> <span class='ocrx_word' id='word_1_2' title='bbox 639 719 718 783; x_wconf 77' lang='lat' dir='ltr'>Tne</span> <span class='ocrx_word' id='word_1_3' title='bbox 744 719 900 784; x_wconf 77' lang='lat' dir='ltr'>lncrrrx</span> <span class='ocrx_word' id='word_1_4' title='bbox 925 719 1173 785; x_wconf 71' lang='lat' dir='ltr'>Munuscnrrr.</span> 
     </span>
    </p>
   </div>
   <div class='ocr_carea' id='block_1_2' title="bbox 353 896 1465 1087">
    <p class='ocr_par' dir='ltr' id='par_1_2' title="bbox 353 896 1465 1087">
     <span class='ocr_line' id='line_1_2' title="bbox 353 896 1465 963; baseline 0.002 -2"><span class='ocrx_word' id='word_1_5' title='bbox 353 898 549 962; x_wconf 89' lang='lat' dir='ltr'>huiusmodi</span> <span class='ocrx_word' id='word_1_6' title='bbox 561 920 600 962; x_wconf 89' lang='lat' dir='ltr'>ac</span> <span class='ocrx_word' id='word_1_7' title='bbox 612 898 678 963; x_wconf 88' lang='lat' dir='ltr'>alia</span> <span class='ocrx_word' id='word_1_8' title='bbox 689 897 825 962; x_wconf 91' lang='lat' dir='ltr'>diuersa</span> <span class='ocrx_word' id='word_1_9' title='bbox 835 896 1064 963; x_wconf 89' lang='lat' dir='ltr'>consciencias</span> <span class='ocrx_word' id='word_1_10' title='bbox 1074 904 1210 963; x_wconf 90' lang='lat' dir='ltr'>nostras</span> <span class='ocrx_word' id='word_1_11' title='bbox 1220 898 1465 963; x_wconf 89' lang='lat' dir='ltr'>concemencia</span> 
     </span>
     <span class='ocr_line' id='line_1_3' title="bbox 353 1002 1463 1087; baseline 0.001 -22"><span class='ocrx_word' id='word_1_12' title='bbox 353 1002 578 1067; x_wconf 80' lang='lat' dir='ltr'>effectualiter</span> <span class='ocrx_word' id='word_1_13' title='bbox 601 1003 774 1078; x_wconf 87' lang='lat' dir='ltr'>scrutatis,</span> <span class='ocrx_word' id='word_1_14' title='bbox 800 1002 997 1087; x_wconf 82' lang='lat' dir='ltr'>planissime</span> <span class='ocrx_word' id='word_1_15' title='bbox 1022 1010 1166 1087; x_wconf 91' lang='lat' dir='ltr'>apparet</span> <span class='ocrx_word' id='word_1_16' title='bbox 1189 1002 1284 1087; x_wconf 92' lang='lat' dir='ltr'>quod</span> <span class='ocrx_word' id='word_1_17' title='bbox 1307 1002 1463 1086; x_wconf 91' lang='lat' dir='ltr'>quolibet</span> 
     </span>
    </p>
   </div>
   <div class='ocr_carea' id='block_1_3' title="bbox 139 1106 1464 1192">
    <p class='ocr_par' dir='ltr' id='par_1_3' title="bbox 139 1106 1464 1192">
     <span class='ocr_line' id='line_1_4' title="bbox 139 1106 1464 1192; baseline 0 -22"><span class='ocrx_word' id='word_1_18' title='bbox 139 1114 279 1163; x_wconf 74' lang='lat' dir='ltr'>Aservice</span> <span class='ocrx_word' id='word_1_19' title='bbox 296 1117 337 1163; x_wconf 82' lang='lat' dir='ltr'>ror</span> <span class='ocrx_word' id='word_1_20' title='bbox 352 1127 467 1171; x_wconf 92' lang='lat' dir='ltr'>mense</span> <span class='ocrx_word' id='word_1_21' title='bbox 487 1128 556 1171; x_wconf 94' lang='lat' dir='ltr'>vno</span> <span class='ocrx_word' id='word_1_22' title='bbox 576 1108 630 1172; x_wconf 89' lang='lat' dir='ltr'>die</span> <span class='ocrx_word' id='word_1_23' title='bbox 649 1128 719 1192; x_wconf 93' lang='lat' dir='ltr'>quo</span> <span class='ocrx_word' id='word_1_24' title='bbox 737 1106 952 1171; x_wconf 86' lang='lat' dir='ltr'>commodius</span> <span class='ocrx_word' id='word_1_25' title='bbox 971 1107 1042 1171; x_wconf 91' lang='lat' dir='ltr'>fieri</span> <span class='ocrx_word' id='word_1_26' title='bbox 1065 1107 1193 1191; x_wconf 91' lang='lat' dir='ltr'>poterit</span> <span class='ocrx_word' id='word_1_27' title='bbox 1215 1107 1301 1172; x_wconf 89' lang='lat' dir='ltr'>fiant</span> <span class='ocrx_word' id='word_1_28' title='bbox 1320 1106 1464 1191; x_wconf 86' lang='lat' dir='ltr'>exequie</span> 
     </span>
    </p>
   </div>
   <div class='ocr_carea' id='block_1_4' title="bbox 146 1182 1463 1298">
    <p class='ocr_par' dir='ltr' id='par_1_4' title="bbox 146 1182 1463 1298">
     <span class='ocr_line' id='line_1_5' title="bbox 146 1182 1379 1245; baseline -0.006 -15"><span class='ocrx_word' id='word_1_29' title='bbox 146 1182 221 1245; x_wconf 87' lang='lat' dir='ltr'>King</span> <span class='ocrx_word' id='word_1_30' title='bbox 235 1182 329 1230; x_wconf 76' lang='lat' dir='ltr'>Atlrel-</span> <span class='ocrx_word' id='word_1_31' title='bbox 574 1212 579 1223; x_wconf 86' lang='lat'><em>.</em></span> <span class='ocrx_word' id='word_1_32' title='bbox 910 1212 915 1223; x_wconf 91' lang='lat'><em>.</em></span> <span class='ocrx_word' id='word_1_33' title='bbox 1259 1210 1264 1223; x_wconf 92' lang='lat'><strong>.</strong></span> <span class='ocrx_word' id='word_1_34' title='bbox 1373 1210 1379 1222; x_wconf 90' lang='lat'><strong>.</strong></span> 
     </span>
     <span class='ocr_line' id='line_1_6' title="bbox 154 1211 1463 1298; baseline -0.002 -20"><span class='ocrx_word' id='word_1_35' title='bbox 154 1253 218 1298; x_wconf 83' lang='lat' dir='ltr'>stan</span> <span class='ocrx_word' id='word_1_36' title='bbox 228 1263 322 1298; x_wconf 79' lang='lat' dir='ltr'>oncea</span> <span class='ocrx_word' id='word_1_37' title='bbox 352 1212 543 1296; x_wconf 86' lang='lat' dir='ltr'>solempnes</span> <span class='ocrx_word' id='word_1_38' title='bbox 572 1233 606 1276; x_wconf 91' lang='lat' dir='ltr'>1n</span> <span class='ocrx_word' id='word_1_39' title='bbox 635 1213 739 1276; x_wconf 91' lang='lat' dir='ltr'>choro</span> <span class='ocrx_word' id='word_1_40' title='bbox 771 1232 833 1295; x_wconf 94' lang='lat' dir='ltr'>pro</span> <span class='ocrx_word' id='word_1_41' title='bbox 862 1212 1043 1276; x_wconf 81' lang='lat' dir='ltr'>animabus</span> <span class='ocrx_word' id='word_1_42' title='bbox 1071 1211 1266 1276; x_wconf 86' lang='lat' dir='ltr'>Athelstanr</span> <span class='ocrx_word' id='word_1_43' title='bbox 1297 1211 1399 1296; x_wconf 80' lang='lat' dir='ltr'>Regis</span> <span class='ocrx_word' id='word_1_44' title='bbox 1427 1217 1463 1275; x_wconf 91' lang='lat' dir='ltr'>et</span> 
     </span>
    </p>
   </div>
   <div class='ocr_carea' id='block_1_5' title="bbox 182 1315 1463 1505">
    <p class='ocr_par' dir='ltr' id='par_1_5' title="bbox 182 1315 1463 1505">
     <span class='ocr_line' id='line_1_7' title="bbox 182 1315 1463 1401; baseline 0.001 -22"><span class='ocrx_word' id='word_1_45' title='bbox 182 1316 290 1365; x_wconf 85' lang='lat' dir='ltr'>month.</span> <span class='ocrx_word' id='word_1_46' title='bbox 352 1316 497 1380; x_wconf 91' lang='lat' dir='ltr'>aliorum</span> <span class='ocrx_word' id='word_1_47' title='bbox 524 1337 641 1401; x_wconf 91' lang='lat' dir='ltr'>regum</span> <span class='ocrx_word' id='word_1_48' title='bbox 669 1323 703 1381; x_wconf 88' lang='lat' dir='ltr'>et</span> <span class='ocrx_word' id='word_1_49' title='bbox 731 1316 936 1400; x_wconf 91' lang='lat' dir='ltr'>pontificum</span> <span class='ocrx_word' id='word_1_50' title='bbox 964 1337 1004 1380; x_wconf 89' lang='lat' dir='ltr'>ac</span> <span class='ocrx_word' id='word_1_51' title='bbox 1030 1316 1272 1381; x_wconf 88' lang='lat' dir='ltr'>canonicorum</span> <span class='ocrx_word' id='word_1_52' title='bbox 1300 1320 1334 1380; x_wconf 88' lang='lat' dir='ltr'>et</span> <span class='ocrx_word' id='word_1_53' title='bbox 1361 1315 1463 1380; x_wconf 91' lang='lat' dir='ltr'>bene-</span> 
     </span>
     <span class='ocr_line' id='line_1_8' title="bbox 353 1421 849 1505; baseline 0.002 -21"><span class='ocrx_word' id='word_1_54' title='bbox 353 1421 524 1486; x_wconf 80' lang='lat' dir='ltr'><strong>factorum</strong></span> <span class='ocrx_word' id='word_1_55' title='bbox 544 1421 693 1485; x_wconf 88' lang='lat' dir='ltr'>Ecclesie</span> <span class='ocrx_word' id='word_1_56' title='bbox 714 1421 849 1505; x_wconf 87' lang='lat' dir='ltr'>Ripon’.</span> 
     </span>
    </p>
   </div>
   <div class='ocr_carea' id='block_1_6' title="bbox 136 1560 1464 1752">
    <p class='ocr_par' dir='ltr' id='par_1_6' title="bbox 136 1560 1464 1752">
     <span class='ocr_line' id='line_1_9' title="bbox 173 1560 1462 1648; baseline -0.002 -21"><span class='ocrx_word' id='word_1_57' title='bbox 173 1565 302 1614; x_wconf 69' lang='lat' dir='ltr'>A¹³00sse</span> <span class='ocrx_word' id='word_1_58' title='bbox 441 1564 529 1627; x_wconf 88' lang='lat' dir='ltr'>Item</span> <span class='ocrx_word' id='word_1_59' title='bbox 551 1564 645 1648; x_wconf 91' lang='lat' dir='ltr'>quod</span> <span class='ocrx_word' id='word_1_60' title='bbox 666 1564 820 1648; x_wconf 92' lang='lat' dir='ltr'>quolibet</span> <span class='ocrx_word' id='word_1_61' title='bbox 843 1584 934 1627; x_wconf 91' lang='lat' dir='ltr'>anno</span> <span class='ocrx_word' id='word_1_62' title='bbox 955 1583 1025 1626; x_wconf 89' lang='lat' dir='ltr'>vno</span> <span class='ocrx_word' id='word_1_63' title='bbox 1046 1561 1101 1626; x_wconf 90' lang='lat' dir='ltr'>die</span> <span class='ocrx_word' id='word_1_64' title='bbox 1123 1564 1208 1627; x_wconf 87' lang='lat' dir='ltr'>fiant</span> <span class='ocrx_word' id='word_1_65' title='bbox 1230 1560 1403 1647; x_wconf 81' lang='lat' dir='ltr'>generales</span> <span class='ocrx_word' id='word_1_66' title='bbox 1426 1568 1462 1626; x_wconf 91' lang='lat' dir='ltr'>et</span> 
     </span>
     <span class='ocr_line' id='line_1_10' title="bbox 136 1646 1464 1752; baseline -0.001 -20"><span class='ocrx_word' id='word_1_67' title='bbox 136 1646 337 1748; x_wconf 46' lang='lat' dir='ltr'>ainffffhicifffli</span> <span class='ocrx_word' id='word_1_68' title='bbox 352 1668 543 1752; x_wconf 90' lang='lat' dir='ltr'>solempnes</span> <span class='ocrx_word' id='word_1_69' title='bbox 570 1668 712 1752; x_wconf 87' lang='lat' dir='ltr'>exequie</span> <span class='ocrx_word' id='word_1_70' title='bbox 739 1667 885 1751; x_wconf 80' lang='lat' dir='ltr'>predicti</span> <span class='ocrx_word' id='word_1_71' title='bbox 912 1666 1108 1731; x_wconf 84' lang='lat' dir='ltr'>Athelstani</span> <span class='ocrx_word' id='word_1_72' title='bbox 1136 1666 1248 1751; x_wconf 90' lang='lat' dir='ltr'>Regis,</span> <span class='ocrx_word' id='word_1_73' title='bbox 1276 1666 1311 1730; x_wconf 94' lang='lat' dir='ltr'>in</span> <span class='ocrx_word' id='word_1_74' title='bbox 1337 1666 1464 1750; x_wconf 89' lang='lat' dir='ltr'>quibus</span> 
     </span>
    </p>
   </div>
   <div class='ocr_carea' id='block_1_7' title="bbox 137 1769 1465 1883">
    <p class='ocr_par' dir='ltr' id='par_1_7' title="bbox 137 1769 1465 1883">
     <span class='ocr_line' id='line_1_11' title="bbox 137 1769 1465 1883; baseline 0.001 -50"><span class='ocrx_word' id='word_1_75' title='bbox 137 1770 337 1883; x_wconf 47' lang='lat' dir='ltr'>msglnffgffi</span> <span class='ocrx_word' id='word_1_76' title='bbox 352 1772 559 1837; x_wconf 91' lang='lat' dir='ltr'>conueniant</span> <span class='ocrx_word' id='word_1_77' title='bbox 592 1793 709 1836; x_wconf 90' lang='lat' dir='ltr'>omnes</span> <span class='ocrx_word' id='word_1_78' title='bbox 741 1771 880 1856; x_wconf 82' lang='lat' dir='ltr'>tugitiui</span> <span class='ocrx_word' id='word_1_79' title='bbox 913 1769 957 1834; x_wconf 94' lang='lat' dir='ltr'>ad</span> <span class='ocrx_word' id='word_1_80' title='bbox 989 1770 1153 1834; x_wconf 90' lang='lat' dir='ltr'>Eccl&#39;iam</span> <span class='ocrx_word' id='word_1_81' title='bbox 1181 1776 1215 1833; x_wconf 91' lang='lat' dir='ltr'>et</span> <span class='ocrx_word' id='word_1_82' title='bbox 1243 1770 1465 1853; x_wconf 85' lang='lat' dir='ltr'>solempniter</span> 
     </span>
    </p>
   </div>
   <div class='ocr_carea' id='block_1_8' title="bbox 136 1874 1463 1965">
    <p class='ocr_par' dir='ltr' id='par_1_8' title="bbox 136 1874 1463 1965">
     <span class='ocr_line' id='line_1_12' title="bbox 136 1874 1463 1965; baseline -0.008 -16"><span class='ocrx_word' id='word_1_83' title='bbox 136 1904 257 1965; x_wconf 80' lang='lat' dir='ltr'>present,</span> <span class='ocrx_word' id='word_1_84' title='bbox 282 1899 336 1947; x_wconf 77' lang='lat' dir='ltr'>ann</span> <span class='ocrx_word' id='word_1_85' title='bbox 352 1876 555 1940; x_wconf 85' lang='lat' dir='ltr'>clascicum1</span> <span class='ocrx_word' id='word_1_86' title='bbox 577 1878 725 1961; x_wconf 90' lang='lat' dir='ltr'>pulsent,</span> <span class='ocrx_word' id='word_1_87' title='bbox 743 1884 777 1940; x_wconf 92' lang='lat' dir='ltr'>et</span> <span class='ocrx_word' id='word_1_88' title='bbox 794 1876 829 1939; x_wconf 95' lang='lat' dir='ltr'>in</span> <span class='ocrx_word' id='word_1_89' title='bbox 849 1875 954 1939; x_wconf 88' lang='lat' dir='ltr'>missa</span> <span class='ocrx_word' id='word_1_90' title='bbox 971 1874 1118 1938; x_wconf 84' lang='lat' dir='ltr'>offerant</span> <span class='ocrx_word' id='word_1_91' title='bbox 1133 1894 1140 1951; x_wconf 91' lang='lat'>;</span> <span class='ocrx_word' id='word_1_92' title='bbox 1165 1874 1225 1959; x_wconf 94' lang='lat' dir='ltr'>qui</span> <span class='ocrx_word' id='word_1_93' title='bbox 1241 1894 1323 1940; x_wconf 89' lang='lat' dir='ltr'>vero</span> <span class='ocrx_word' id='word_1_94' title='bbox 1340 1875 1463 1939; x_wconf 80' lang='lat' dir='ltr'>absens</span> 
     </span>
    </p>
   </div>
   <div class='ocr_carea' id='block_1_9' title="bbox 144 1968 1462 2084">
    <p class='ocr_par' dir='ltr' id='par_1_9' title="bbox 144 1968 1462 2084">
     <span class='ocr_line' id='line_1_13' title="bbox 144 1968 1462 2084; baseline -0.002 -39"><span class='ocrx_word' id='word_1_95' title='bbox 144 1968 330 2084; x_wconf 53' lang='lat' dir='ltr'>{fflffitffg</span> <span class='ocrx_word' id='word_1_96' title='bbox 353 1981 455 2045; x_wconf 86' lang='lat' dir='ltr'>fuerit</span> <span class='ocrx_word' id='word_1_97' title='bbox 487 1981 600 2046; x_wconf 87' lang='lat' dir='ltr'>soluat</span> <span class='ocrx_word' id='word_1_98' title='bbox 633 1980 760 2044; x_wconf 81' lang='lat' dir='ltr'>fabrice</span> <span class='ocrx_word' id='word_1_99' title='bbox 792 1979 905 2043; x_wconf 90' lang='lat' dir='ltr'>eccl’ie</span> <span class='ocrx_word' id='word_1_100' title='bbox 937 1979 1021 2061; x_wconf 88' lang='lat' dir='ltr'>xijd.</span> <span class='ocrx_word' id='word_1_101' title='bbox 1071 1979 1160 2042; x_wconf 91' lang='lat' dir='ltr'>Item</span> <span class='ocrx_word' id='word_1_102' title='bbox 1192 1979 1285 2062; x_wconf 93' lang='lat' dir='ltr'>quod</span> <span class='ocrx_word' id='word_1_103' title='bbox 1316 1978 1462 2063; x_wconf 89' lang='lat' dir='ltr'>quilibet</span> 
     </span>
    </p>
   </div>
   <div class='ocr_carea' id='block_1_10' title="bbox 352 2082 1463 2273">
    <p class='ocr_par' dir='ltr' id='par_1_10' title="bbox 352 2082 1463 2273">
     <span class='ocr_line' id='line_1_14' title="bbox 352 2082 1463 2169; baseline -0.002 -20"><span class='ocrx_word' id='word_1_104' title='bbox 352 2084 519 2169; x_wconf 84' lang='lat' dir='ltr'>fugitiuus</span> <span class='ocrx_word' id='word_1_105' title='bbox 546 2085 580 2149; x_wconf 93' lang='lat' dir='ltr'>in</span> <span class='ocrx_word' id='word_1_106' title='bbox 607 2084 718 2168; x_wconf 91' lang='lat' dir='ltr'>prima</span> <span class='ocrx_word' id='word_1_107' title='bbox 745 2083 953 2148; x_wconf 75' lang='lat' dir='ltr'>admissione</span> <span class='ocrx_word' id='word_1_108' title='bbox 980 2104 1042 2147; x_wconf 91' lang='lat' dir='ltr'>sua</span> <span class='ocrx_word' id='word_1_109' title='bbox 1069 2082 1113 2147; x_wconf 90' lang='lat' dir='ltr'>ad</span> <span class='ocrx_word' id='word_1_110' title='bbox 1140 2083 1336 2148; x_wconf 91' lang='lat' dir='ltr'>libertatem</span> <span class='ocrx_word' id='word_1_111' title='bbox 1363 2082 1463 2147; x_wconf 88' lang='lat' dir='ltr'>istius</span> 
     </span>
     <span class='ocr_line' id='line_1_15' title="bbox 353 2186 1462 2273; baseline -0.002 -20"><span class='ocrx_word' id='word_1_112' title='bbox 353 2189 477 2253; x_wconf 84' lang='lat' dir='ltr'>Eccl&#39;ie</span> <span class='ocrx_word' id='word_1_113' title='bbox 494 2188 536 2253; x_wconf 89' lang='lat' dir='ltr'>de</span> <span class='ocrx_word' id='word_1_114' title='bbox 553 2189 768 2253; x_wconf 90' lang='lat' dir='ltr'>obseruando</span> <span class='ocrx_word' id='word_1_115' title='bbox 784 2187 940 2273; x_wconf 91' lang='lat' dir='ltr'>predicta</span> <span class='ocrx_word' id='word_1_116' title='bbox 955 2193 1092 2251; x_wconf 88' lang='lat' dir='ltr'>statuta</span> <span class='ocrx_word' id='word_1_117' title='bbox 1108 2187 1282 2270; x_wconf 90' lang='lat' dir='ltr'>corporale</span> <span class='ocrx_word' id='word_1_118' title='bbox 1299 2186 1462 2272; x_wconf 89' lang='lat' dir='ltr'>pristabit</span> 
     </span>
    </p>
   </div>
   <div class='ocr_carea' id='block_1_11' title="bbox 137 2290 1463 2376">
    <p class='ocr_par' dir='ltr' id='par_1_11' title="bbox 137 2290 1463 2376">
     <span class='ocr_line' id='line_1_16' title="bbox 137 2290 1463 2376; baseline -0.001 -22"><span class='ocrx_word' id='word_1_119' title='bbox 137 2296 188 2344; x_wconf 87' lang='lat' dir='ltr'>We</span> <span class='ocrx_word' id='word_1_120' title='bbox 201 2295 259 2343; x_wconf 83' lang='lat' dir='ltr'>nno</span> <span class='ocrx_word' id='word_1_121' title='bbox 273 2294 338 2341; x_wconf 83' lang='lat' dir='ltr'>that</span> <span class='ocrx_word' id='word_1_122' title='bbox 353 2293 606 2376; x_wconf 88' lang='lat' dir='ltr'>Juramentum.</span> <span class='ocrx_word' id='word_1_123' title='bbox 655 2292 726 2356; x_wconf 93' lang='lat' dir='ltr'>Nos</span> <span class='ocrx_word' id='word_1_124' title='bbox 740 2312 821 2356; x_wconf 92' lang='lat' dir='ltr'>vero</span> <span class='ocrx_word' id='word_1_125' title='bbox 835 2291 1035 2375; x_wconf 87' lang='lat' dir='ltr'>Capitulum</span> <span class='ocrx_word' id='word_1_126' title='bbox 1048 2290 1252 2355; x_wconf 90' lang='lat' dir='ltr'>modernum</span> <span class='ocrx_word' id='word_1_127' title='bbox 1265 2290 1463 2355; x_wconf 91' lang='lat' dir='ltr'>huiusmodi</span> 
     </span>
    </p>
   </div>
   <div class='ocr_carea' id='block_1_12' title="bbox 147 2363 1463 2490">
    <p class='ocr_par' dir='ltr' id='par_1_12' title="bbox 147 2363 1463 2490">
     <span class='ocr_line' id='line_1_17' title="bbox 147 2363 1309 2412; baseline -0.004 0"><span class='ocrx_word' id='word_1_128' title='bbox 147 2363 195 2412; x_wconf 89' lang='lat' dir='ltr'>the</span> <span class='ocrx_word' id='word_1_129' title='bbox 207 2364 330 2410; x_wconf 86' lang='lat' dir='ltr'>statutes</span> <span class='ocrx_word' id='word_1_130' title='bbox 521 2397 527 2408; x_wconf 90' lang='lat'><strong>.</strong></span> <span class='ocrx_word' id='word_1_131' title='bbox 949 2395 954 2407; x_wconf 92' lang='lat'>.</span> <span class='ocrx_word' id='word_1_132' title='bbox 1054 2396 1060 2406; x_wconf 84' lang='lat'><strong>.</strong></span> <span class='ocrx_word' id='word_1_133' title='bbox 1097 2396 1103 2407; x_wconf 87' lang='lat'><strong><em>.</em></strong></span> <span class='ocrx_word' id='word_1_134' title='bbox 1303 2395 1309 2407; x_wconf 92' lang='lat'>.</span> 
     </span>
     <span class='ocr_line' id='line_1_18' title="bbox 157 2395 1463 2490; baseline -0.002 -28"><span class='ocrx_word' id='word_1_135' title='bbox 157 2427 323 2490; x_wconf 82' lang='lat' dir='ltr'>concerning</span> <span class='ocrx_word' id='word_1_136' title='bbox 352 2403 487 2461; x_wconf 88' lang='lat' dir='ltr'>statuta</span> <span class='ocrx_word' id='word_1_137' title='bbox 519 2418 554 2461; x_wconf 82' lang='lat' dir='ltr'>in</span> <span class='ocrx_word' id='word_1_138' title='bbox 587 2396 690 2460; x_wconf 93' lang='lat' dir='ltr'>domo</span> <span class='ocrx_word' id='word_1_139' title='bbox 722 2402 841 2460; x_wconf 88' lang='lat' dir='ltr'>nostra</span> <span class='ocrx_word' id='word_1_140' title='bbox 873 2395 1062 2479; x_wconf 81' lang='lat' dir='ltr'>Capitularr</span> <span class='ocrx_word' id='word_1_141' title='bbox 1095 2416 1129 2459; x_wconf 93' lang='lat' dir='ltr'>1n</span> <span class='ocrx_word' id='word_1_142' title='bbox 1162 2402 1312 2480; x_wconf 83' lang='lat' dir='ltr'>presenti</span> <span class='ocrx_word' id='word_1_143' title='bbox 1341 2401 1463 2461; x_wconf 90' lang='lat' dir='ltr'>nostra</span> 
     </span>
    </p>
   </div>
   <div class='ocr_carea' id='block_1_13' title="bbox 154 2496 1461 2612">
    <p class='ocr_par' dir='ltr' id='par_1_13' title="bbox 154 2496 1461 2612">
     <span class='ocr_line' id='line_1_19' title="bbox 154 2496 1461 2612; baseline 0.002 -50"><span class='ocrx_word' id='word_1_144' title='bbox 154 2496 316 2612; x_wconf 49' lang='lat' dir='ltr'>viigerffie</span> <span class='ocrx_word' id='word_1_145' title='bbox 352 2501 609 2565; x_wconf 87' lang='lat' dir='ltr'>Conuocacione</span> <span class='ocrx_word' id='word_1_146' title='bbox 643 2499 790 2586; x_wconf 89' lang='lat' dir='ltr'>generali</span> <span class='ocrx_word' id='word_1_147' title='bbox 826 2499 968 2563; x_wconf 88' lang='lat' dir='ltr'>fecimus</span> <span class='ocrx_word' id='word_1_148' title='bbox 1003 2500 1138 2583; x_wconf 88' lang='lat' dir='ltr'>publice</span> <span class='ocrx_word' id='word_1_149' title='bbox 1173 2498 1309 2584; x_wconf 85' lang='lat' dir='ltr'>perlegi,</span> <span class='ocrx_word' id='word_1_150' title='bbox 1346 2504 1381 2564; x_wconf 90' lang='lat' dir='ltr'>et</span> <span class='ocrx_word' id='word_1_151' title='bbox 1416 2520 1461 2564; x_wconf 92' lang='lat' dir='ltr'>an</span> 
     </span>
    </p>
   </div>
   <div class='ocr_carea' id='block_1_14' title="bbox 138 2603 1548 3110">
    <p class='ocr_par' dir='ltr' id='par_1_14' title="bbox 149 2603 1548 3006">
     <span class='ocr_line' id='line_1_20' title="bbox 167 2603 1462 2688; baseline -0.009 -10"><span class='ocrx_word' id='word_1_152' title='bbox 167 2633 218 2678; x_wconf 84' lang='lat' dir='ltr'>not</span> <span class='ocrx_word' id='word_1_153' title='bbox 236 2628 307 2676; x_wconf 84' lang='lat' dir='ltr'>been</span> <span class='ocrx_word' id='word_1_154' title='bbox 352 2604 548 2669; x_wconf 91' lang='lat' dir='ltr'>huiusmodi</span> <span class='ocrx_word' id='word_1_155' title='bbox 578 2610 714 2668; x_wconf 89' lang='lat' dir='ltr'>statuta</span> <span class='ocrx_word' id='word_1_156' title='bbox 745 2604 872 2668; x_wconf 87' lang='lat' dir='ltr'>fuerint</span> <span class='ocrx_word' id='word_1_157' title='bbox 904 2603 1117 2686; x_wconf 89' lang='lat' dir='ltr'>temporibus</span> <span class='ocrx_word' id='word_1_158' title='bbox 1148 2603 1333 2668; x_wconf 87' lang='lat' dir='ltr'>transactis</span> <span class='ocrx_word' id='word_1_159' title='bbox 1363 2603 1462 2688; x_wconf 86' lang='lat' dir='ltr'>plene</span> 
     </span>
     <span class='ocr_line' id='line_1_21' title="bbox 149 2695 1463 2811; baseline -0.001 -38"><span class='ocrx_word' id='word_1_160' title='bbox 149 2695 323 2811; x_wconf 49' lang='lat' dir='ltr'>rungppser-</span> <span class='ocrx_word' id='word_1_161' title='bbox 353 2709 388 2773; x_wconf 93' lang='lat' dir='ltr'>in</span> <span class='ocrx_word' id='word_1_162' title='bbox 425 2708 584 2773; x_wconf 92' lang='lat' dir='ltr'>omnibus</span> <span class='ocrx_word' id='word_1_163' title='bbox 620 2710 804 2773; x_wconf 89' lang='lat' dir='ltr'>obseruata</span> <span class='ocrx_word' id='word_1_164' title='bbox 840 2729 885 2772; x_wconf 91' lang='lat' dir='ltr'>an</span> <span class='ocrx_word' id='word_1_165' title='bbox 921 2729 1000 2785; x_wconf 89' lang='lat' dir='ltr'>non,</span> <span class='ocrx_word' id='word_1_166' title='bbox 1038 2714 1073 2772; x_wconf 91' lang='lat' dir='ltr'>et</span> <span class='ocrx_word' id='word_1_167' title='bbox 1108 2728 1169 2792; x_wconf 92' lang='lat' dir='ltr'>per</span> <span class='ocrx_word' id='word_1_168' title='bbox 1204 2708 1463 2793; x_wconf 89' lang='lat' dir='ltr'>inquisicionem</span> 
     </span>
     <span class='ocr_line' id='line_1_22' title="bbox 265 2802 1548 2902; baseline 0.003 -24"><span class='ocrx_word' id='word_1_169' title='bbox 265 2802 270 2818; x_wconf 81' lang='grc'><strong><em>’</em></strong></span> <span class='ocrx_word' id='word_1_170' title='bbox 353 2821 508 2879; x_wconf 89' lang='lat' dir='ltr'>nostram</span> <span class='ocrx_word' id='word_1_171' title='bbox 535 2835 637 2899; x_wconf 89' lang='lat' dir='ltr'>super</span> <span class='ocrx_word' id='word_1_172' title='bbox 663 2813 835 2899; x_wconf 90' lang='lat' dir='ltr'>premissis</span> <span class='ocrx_word' id='word_1_173' title='bbox 862 2812 1042 2902; x_wconf 85' lang='lat' dir='ltr'>diligenter</span> <span class='ocrx_word' id='word_1_174' title='bbox 1069 2816 1198 2881; x_wconf 87' lang='lat' dir='ltr'>iactam</span> <span class='ocrx_word' id='word_1_175' title='bbox 1226 2838 1267 2882; x_wconf 91' lang='lat' dir='ltr'>ex</span> <span class='ocrx_word' id='word_1_176' title='bbox 1295 2816 1464 2882; x_wconf 91' lang='lat' dir='ltr'>relacione</span> <span class='ocrx_word' id='word_1_177' title='bbox 1546 2809 1548 2818; x_wconf 74' lang='grc'><strong>’</strong></span> 
     </span>
     <span class='ocr_line' id='line_1_23' title="bbox 353 2918 1465 3006; baseline 0.004 -24"><span class='ocrx_word' id='word_1_178' title='bbox 353 2919 524 2984; x_wconf 91' lang='lat' dir='ltr'>seniorum</span> <span class='ocrx_word' id='word_1_179' title='bbox 544 2919 778 2983; x_wconf 90' lang='lat' dir='ltr'>ministrorum</span> <span class='ocrx_word' id='word_1_180' title='bbox 798 2918 950 2984; x_wconf 90' lang='lat' dir='ltr'>eiusdem</span> <span class='ocrx_word' id='word_1_181' title='bbox 970 2921 1095 2985; x_wconf 91' lang='lat' dir='ltr'>Eccl&#39;ie</span> <span class='ocrx_word' id='word_1_182' title='bbox 1114 2927 1229 2987; x_wconf 90' lang='lat' dir='ltr'>nostre</span> <span class='ocrx_word' id='word_1_183' title='bbox 1249 2927 1465 3006; x_wconf 92' lang='lat' dir='ltr'>compertum</span> 
     </span>
    </p>

    <p class='ocr_par' dir='ltr' id='par_1_15' title="bbox 138 3023 1464 3110">
     <span class='ocr_line' id='line_1_24' title="bbox 138 3023 1464 3110; baseline 0.002 -22"><span class='ocrx_word' id='word_1_184' title='bbox 138 3040 191 3088; x_wconf 83' lang='lat' dir='ltr'>but</span> <span class='ocrx_word' id='word_1_185' title='bbox 199 3037 263 3086; x_wconf 79' lang='lat' dir='ltr'>that</span> <span class='ocrx_word' id='word_1_186' title='bbox 272 3036 338 3098; x_wconf 83' lang='lat' dir='ltr'>only</span> <span class='ocrx_word' id='word_1_187' title='bbox 353 3029 405 3087; x_wconf 86' lang='lat' dir='ltr'>est</span> <span class='ocrx_word' id='word_1_188' title='bbox 419 3023 614 3088; x_wconf 92' lang='lat' dir='ltr'>huiusmodi</span> <span class='ocrx_word' id='word_1_189' title='bbox 629 3023 771 3087; x_wconf 89' lang='lat' dir='ltr'>Statuta</span> <span class='ocrx_word' id='word_1_190' title='bbox 785 3043 854 3087; x_wconf 94' lang='lat' dir='ltr'>non</span> <span class='ocrx_word' id='word_1_191' title='bbox 869 3023 972 3089; x_wconf 87' lang='lat' dir='ltr'>luisse</span> <span class='ocrx_word' id='word_1_192' title='bbox 986 3025 1085 3109; x_wconf 92' lang='lat' dir='ltr'>plene</span> <span class='ocrx_word' id='word_1_193' title='bbox 1099 3026 1283 3091; x_wconf 90' lang='lat' dir='ltr'>obseruata</span> <span class='ocrx_word' id='word_1_194' title='bbox 1298 3026 1333 3091; x_wconf 93' lang='lat' dir='ltr'>in</span> <span class='ocrx_word' id='word_1_195' title='bbox 1348 3025 1464 3110; x_wconf 84' lang='lat' dir='ltr'>aliquo</span> 
     </span>
    </p>
   </div>
   <div class='ocr_carea' id='block_1_15' title="bbox 163 3103 1464 3220">
    <p class='ocr_par' dir='ltr' id='par_1_16' title="bbox 163 3103 1464 3220">
     <span class='ocr_line' id='line_1_25' title="bbox 163 3103 1464 3220; baseline 0.004 -30"><span class='ocrx_word' id='word_1_196' title='bbox 163 3103 314 3220; x_wconf 55' lang='grc' dir='ltr'>ξξίθηζεῇζξ</span> <span class='ocrx_word' id='word_1_197' title='bbox 353 3133 508 3212; x_wconf 90' lang='lat' dir='ltr'>tempore</span> <span class='ocrx_word' id='word_1_198' title='bbox 521 3134 707 3203; x_wconf 88' lang='lat' dir='ltr'>transacto,</span> <span class='ocrx_word' id='word_1_199' title='bbox 721 3126 786 3191; x_wconf 88' lang='lat' dir='ltr'>viz.</span> <span class='ocrx_word' id='word_1_200' title='bbox 801 3127 891 3192; x_wconf 87' lang='lat' dir='ltr'>infra</span> <span class='ocrx_word' id='word_1_201' title='bbox 903 3136 1040 3214; x_wconf 91' lang='lat' dir='ltr'>tempus</span> <span class='ocrx_word' id='word_1_202' title='bbox 1052 3130 1087 3197; x_wconf 91' lang='lat' dir='ltr'>in</span> <span class='ocrx_word' id='word_1_203' title='bbox 1099 3130 1265 3195; x_wconf 89' lang='lat' dir='ltr'>memoria</span> <span class='ocrx_word' id='word_1_204' title='bbox 1277 3130 1464 3195; x_wconf 91' lang='lat' dir='ltr'>eorundem</span> 
     </span>
    </p>
   </div>
   <div class='ocr_carea' id='block_1_16' title="bbox 155 3232 1464 3319">
    <p class='ocr_par' dir='ltr' id='par_1_17' title="bbox 155 3232 1464 3319">
     <span class='ocr_line' id='line_1_26' title="bbox 155 3232 1464 3319; baseline 0.001 -21"><span class='ocrx_word' id='word_1_205' title='bbox 155 3240 226 3288; x_wconf 85' lang='lat' dir='ltr'>been</span> <span class='ocrx_word' id='word_1_206' title='bbox 242 3237 318 3300; x_wconf 82' lang='lat' dir='ltr'>kept,</span> <span class='ocrx_word' id='word_1_207' title='bbox 353 3233 514 3308; x_wconf 65' lang='lat' dir='ltr'>existens</span> <span class='ocrx_word' id='word_1_208' title='bbox 528 3233 589 3297; x_wconf 92' lang='lat' dir='ltr'>sed</span> <span class='ocrx_word' id='word_1_209' title='bbox 601 3232 695 3316; x_wconf 94' lang='lat' dir='ltr'>quod</span> <span class='ocrx_word' id='word_1_210' title='bbox 709 3238 848 3296; x_wconf 92' lang='lat' dir='ltr'>tantum</span> <span class='ocrx_word' id='word_1_211' title='bbox 861 3234 966 3297; x_wconf 90' lang='lat' dir='ltr'>semel</span> <span class='ocrx_word' id='word_1_212' title='bbox 978 3234 1120 3318; x_wconf 87' lang='lat' dir='ltr'>exequie</span> <span class='ocrx_word' id='word_1_213' title='bbox 1133 3235 1324 3319; x_wconf 89' lang='lat' dir='ltr'>solempnes</span> <span class='ocrx_word' id='word_1_214' title='bbox 1337 3234 1464 3319; x_wconf 86' lang='lat' dir='ltr'>prefati</span> 
     </span>
    </p>
   </div>
   <div class='ocr_carea' id='block_1_17' title="bbox 139 3304 1465 3423">
    <p class='ocr_par' dir='ltr' id='par_1_18' title="bbox 139 3304 1465 3423">
     <span class='ocr_line' id='line_1_27' title="bbox 139 3304 1465 3423; baseline 0.001 -21"><span class='ocrx_word' id='word_1_215' title='bbox 139 3304 338 3422; x_wconf 48' lang='lat' dir='ltr'>wssdsffiies</span> <span class='ocrx_word' id='word_1_216' title='bbox 353 3336 550 3401; x_wconf 84' lang='lat' dir='ltr'>Athelstani</span> <span class='ocrx_word' id='word_1_217' title='bbox 581 3336 683 3421; x_wconf 88' lang='lat' dir='ltr'>Regis</span> <span class='ocrx_word' id='word_1_218' title='bbox 713 3336 853 3400; x_wconf 85' lang='lat' dir='ltr'>fuerunt</span> <span class='ocrx_word' id='word_1_219' title='bbox 883 3338 1064 3403; x_wconf 87' lang='lat' dir='ltr'>annuatim</span> <span class='ocrx_word' id='word_1_220' title='bbox 1094 3338 1273 3415; x_wconf 90' lang='lat' dir='ltr'>celebrate,</span> <span class='ocrx_word' id='word_1_221' title='bbox 1304 3345 1339 3403; x_wconf 91' lang='lat' dir='ltr'>et</span> <span class='ocrx_word' id='word_1_222' title='bbox 1368 3338 1465 3423; x_wconf 92' lang='lat' dir='ltr'>quod</span> 
     </span>
    </p>
   </div>
   <div class='ocr_carea' id='block_1_18' title="bbox 145 3440 1464 3568">
    <p class='ocr_par' dir='ltr' id='par_1_19' title="bbox 145 3440 1464 3568">
     <span class='ocr_line' id='line_1_28' title="bbox 145 3440 1464 3568; baseline 0.006 -68"><span class='ocrx_word' id='word_1_223' title='bbox 145 3440 243 3568; x_wconf 56' lang='lat' dir='ltr'>tintaiey</span> <span class='ocrx_word' id='word_1_224' title='bbox 252 3451 330 3552; x_wconf 44' lang='grc' dir='ltr'>ἓξὲξ·</span> <span class='ocrx_word' id='word_1_225' title='bbox 352 3447 537 3516; x_wconf 89' lang='lat' dir='ltr'>statutum,</span> <span class='ocrx_word' id='word_1_226' title='bbox 565 3446 737 3525; x_wconf 90' lang='lat' dir='ltr'>quantum</span> <span class='ocrx_word' id='word_1_227' title='bbox 764 3441 809 3504; x_wconf 92' lang='lat' dir='ltr'>ad</span> <span class='ocrx_word' id='word_1_228' title='bbox 836 3441 1003 3527; x_wconf 86' lang='lat' dir='ltr'>fugitiuos</span> <span class='ocrx_word' id='word_1_229' title='bbox 1029 3443 1211 3527; x_wconf 88' lang='lat' dir='ltr'>predictos,</span> <span class='ocrx_word' id='word_1_230' title='bbox 1239 3443 1333 3508; x_wconf 91' lang='lat' dir='ltr'>nullo</span> <span class='ocrx_word' id='word_1_231' title='bbox 1360 3443 1464 3508; x_wconf 91' lang='lat' dir='ltr'>modo</span> 
     </span>
    </p>
   </div>
   <div class='ocr_carea' id='block_1_19' title="bbox 137 3546 1463 3631">
    <p class='ocr_par' dir='ltr' id='par_1_20' title="bbox 137 3546 1463 3631">
     <span class='ocr_line' id='line_1_29' title="bbox 137 3546 1463 3631; baseline -0.011 -7"><span class='ocrx_word' id='word_1_232' title='bbox 137 3575 187 3624; x_wconf 81' lang='lat' dir='ltr'>has</span> <span class='ocrx_word' id='word_1_233' title='bbox 204 3576 255 3621; x_wconf 85' lang='lat' dir='ltr'>not</span> <span class='ocrx_word' id='word_1_234' title='bbox 268 3571 338 3618; x_wconf 83' lang='lat' dir='ltr'>been</span> <span class='ocrx_word' id='word_1_235' title='bbox 353 3567 395 3610; x_wconf 87' lang='lat' dir='ltr'>ex</span> <span class='ocrx_word' id='word_1_236' title='bbox 429 3546 540 3609; x_wconf 91' lang='lat' dir='ltr'>multo</span> <span class='ocrx_word' id='word_1_237' title='bbox 575 3550 729 3627; x_wconf 88' lang='lat' dir='ltr'>tempore</span> <span class='ocrx_word' id='word_1_238' title='bbox 763 3546 928 3628; x_wconf 91' lang='lat' dir='ltr'>preterito</span> <span class='ocrx_word' id='word_1_239' title='bbox 963 3546 1029 3611; x_wconf 86' lang='lat' dir='ltr'>luit</span> <span class='ocrx_word' id='word_1_240' title='bbox 1063 3553 1124 3611; x_wconf 93' lang='lat' dir='ltr'>aut</span> <span class='ocrx_word' id='word_1_241' title='bbox 1158 3553 1210 3610; x_wconf 88' lang='lat' dir='ltr'>est</span> <span class='ocrx_word' id='word_1_242' title='bbox 1244 3547 1278 3611; x_wconf 93' lang='lat' dir='ltr'>in</span> <span class='ocrx_word' id='word_1_243' title='bbox 1312 3547 1463 3631; x_wconf 90' lang='lat' dir='ltr'>presenti</span> 
     </span>
    </p>
   </div>
   <div class='ocr_carea' id='block_1_20' title="bbox 161 3639 1462 3758">
    <p class='ocr_par' dir='ltr' id='par_1_21' title="bbox 161 3639 1462 3758">
     <span class='ocr_line' id='line_1_30' title="bbox 161 3639 1462 3758; baseline -0.002 -38"><span class='ocrx_word' id='word_1_244' title='bbox 161 3639 317 3758; x_wconf 52' lang='lat' dir='ltr'>fflsvffit</span> <span class='ocrx_word' id='word_1_245' title='bbox 353 3650 585 3713; x_wconf 89' lang='lat' dir='ltr'>obseruatum.</span> <span class='ocrx_word' id='word_1_246' title='bbox 634 3648 686 3711; x_wconf 90' lang='lat' dir='ltr'>Ea</span> <span class='ocrx_word' id='word_1_247' title='bbox 722 3656 864 3732; x_wconf 91' lang='lat' dir='ltr'>propter</span> <span class='ocrx_word' id='word_1_248' title='bbox 900 3671 962 3714; x_wconf 91' lang='lat' dir='ltr'>nos</span> <span class='ocrx_word' id='word_1_249' title='bbox 999 3650 1198 3734; x_wconf 86' lang='lat' dir='ltr'>Capitulum</span> <span class='ocrx_word' id='word_1_250' title='bbox 1235 3651 1462 3726; x_wconf 84' lang='lat' dir='ltr'>antedictum,</span> 
     </span>
    </p>
   </div>
   <div class='ocr_carea' id='block_1_21' title="bbox 139 3750 1464 4030">
    <p class='ocr_par' dir='ltr' id='par_1_22' title="bbox 139 3750 1464 4030">
     <span class='ocr_line' id='line_1_31' title="bbox 352 3750 1464 3821; baseline 0.004 -4"><span class='ocrx_word' id='word_1_251' title='bbox 352 3753 508 3818; x_wconf 90' lang='lat' dir='ltr'>nolentes</span> <span class='ocrx_word' id='word_1_252' title='bbox 563 3750 759 3816; x_wconf 90' lang='lat' dir='ltr'>huiusmodi</span> <span class='ocrx_word' id='word_1_253' title='bbox 813 3759 950 3818; x_wconf 91' lang='lat' dir='ltr'>statuta</span> <span class='ocrx_word' id='word_1_254' title='bbox 1004 3755 1154 3819; x_wconf 89' lang='lat' dir='ltr'>salubria</span> <span class='ocrx_word' id='word_1_255' title='bbox 1210 3762 1464 3821; x_wconf 88' lang='lat' dir='ltr'>antecessorum</span> 
     </span>
     <span class='ocr_line' id='line_1_32' title="bbox 352 3855 1461 3944; baseline 0.003 -22"><span class='ocrx_word' id='word_1_256' title='bbox 352 3863 549 3922; x_wconf 88' lang='lat' dir='ltr'>nostrorum</span> <span class='ocrx_word' id='word_1_257' title='bbox 561 3857 596 3921; x_wconf 91' lang='lat' dir='ltr'>in</span> <span class='ocrx_word' id='word_1_258' title='bbox 609 3855 768 3920; x_wconf 91' lang='lat' dir='ltr'>omnibus</span> <span class='ocrx_word' id='word_1_259' title='bbox 781 3857 919 3941; x_wconf 89' lang='lat' dir='ltr'>penitus</span> <span class='ocrx_word' id='word_1_260' title='bbox 931 3860 1096 3944; x_wconf 89' lang='lat' dir='ltr'>extingui,</span> <span class='ocrx_word' id='word_1_261' title='bbox 1111 3860 1199 3924; x_wconf 88' lang='lat' dir='ltr'>sicut</span> <span class='ocrx_word' id='word_1_262' title='bbox 1212 3881 1274 3926; x_wconf 92' lang='lat' dir='ltr'>nec</span> <span class='ocrx_word' id='word_1_263' title='bbox 1286 3859 1461 3936; x_wconf 75' lang='lat' dir='ltr'>debemus</span> 
     </span>
     <span class='ocr_line' id='line_1_33' title="bbox 139 3961 1463 4030; baseline 0.004 -5"><span class='ocrx_word' id='word_1_264' title='bbox 139 3978 207 4025; x_wconf 71' lang='lat' dir='ltr'>‘We</span> <span class='ocrx_word' id='word_1_265' title='bbox 220 3976 257 4024; x_wconf 83' lang='lat'>‹10</span> <span class='ocrx_word' id='word_1_266' title='bbox 270 3977 320 4022; x_wconf 88' lang='lat' dir='ltr'>not</span> <span class='ocrx_word' id='word_1_267' title='bbox 353 3961 574 4026; x_wconf 91' lang='lat' dir='ltr'>attendentes</span> <span class='ocrx_word' id='word_1_268' title='bbox 603 3966 720 4025; x_wconf 89' lang='lat' dir='ltr'>tamen</span> <span class='ocrx_word' id='word_1_269' title='bbox 748 3961 944 4027; x_wconf 91' lang='lat' dir='ltr'>huiusmodi</span> <span class='ocrx_word' id='word_1_270' title='bbox 971 3970 1108 4029; x_wconf 91' lang='lat' dir='ltr'>statuta</span> <span class='ocrx_word' id='word_1_271' title='bbox 1135 3964 1238 4029; x_wconf 86' lang='lat' dir='ltr'>luisse</span> <span class='ocrx_word' id='word_1_272' title='bbox 1266 3971 1301 4029; x_wconf 88' lang='lat' dir='ltr'>et</span> <span class='ocrx_word' id='word_1_273' title='bbox 1328 3986 1400 4030; x_wconf 91' lang='lat' dir='ltr'>esse</span> <span class='ocrx_word' id='word_1_274' title='bbox 1427 3965 1463 4030; x_wconf 95' lang='lat' dir='ltr'>in</span> 
     </span>
    </p>
   </div>
   <div class='ocr_carea' id='block_1_22' title="bbox 153 4041 1461 4160">
    <p class='ocr_par' dir='ltr' id='par_1_23' title="bbox 153 4041 1461 4160">
     <span class='ocr_line' id='line_1_34' title="bbox 153 4041 1461 4160; baseline -0.002 -25"><span class='ocrx_word' id='word_1_275' title='bbox 153 4041 320 4160; x_wconf 49' lang='lat' dir='ltr'>stlfflgshsso</span> <span class='ocrx_word' id='word_1_276' title='bbox 352 4071 451 4150; x_wconf 91' lang='lat' dir='ltr'>parte</span> <span class='ocrx_word' id='word_1_277' title='bbox 467 4065 568 4129; x_wconf 91' lang='lat' dir='ltr'>nimis</span> <span class='ocrx_word' id='word_1_278' title='bbox 584 4084 727 4128; x_wconf 90' lang='lat' dir='ltr'>onerosa</span> <span class='ocrx_word' id='word_1_279' title='bbox 742 4065 907 4128; x_wconf 84' lang='lat' dir='ltr'>ministris</span> <span class='ocrx_word' id='word_1_280' title='bbox 923 4069 1036 4133; x_wconf 88' lang='lat' dir='ltr'>eccl&#39;ie</span> <span class='ocrx_word' id='word_1_281' title='bbox 1052 4069 1134 4144; x_wconf 91' lang='lat' dir='ltr'>n&#39;re,</span> <span class='ocrx_word' id='word_1_282' title='bbox 1152 4076 1187 4133; x_wconf 92' lang='lat' dir='ltr'>et</span> <span class='ocrx_word' id='word_1_283' title='bbox 1205 4069 1385 4152; x_wconf 89' lang='lat' dir='ltr'>presertim</span> <span class='ocrx_word' id='word_1_284' title='bbox 1401 4091 1461 4134; x_wconf 91' lang='lat' dir='ltr'>sex</span> 
     </span>
    </p>
   </div>
   <div class='ocr_carea' id='block_1_23' title="bbox 157 4169 1462 4257">
    <p class='ocr_par' dir='ltr' id='par_1_24' title="bbox 157 4169 1462 4257">
     <span class='ocr_line' id='line_1_35' title="bbox 157 4169 1462 4257; baseline 0.005 -25"><span class='ocrx_word' id='word_1_285' title='bbox 157 4179 191 4226; x_wconf 87' lang='lat' dir='ltr'>be</span> <span class='ocrx_word' id='word_1_286' title='bbox 204 4176 233 4225; x_wconf 84' lang='lat' dir='ltr'>or</span> <span class='ocrx_word' id='word_1_287' title='bbox 246 4188 318 4223; x_wconf 82' lang='lat' dir='ltr'>none</span> <span class='ocrx_word' id='word_1_288' title='bbox 351 4170 489 4253; x_wconf 83' lang='lat' dir='ltr'>vicarijs</span> <span class='ocrx_word' id='word_1_289' title='bbox 510 4169 745 4233; x_wconf 92' lang='lat' dir='ltr'>omnimodam</span> <span class='ocrx_word' id='word_1_290' title='bbox 766 4189 884 4233; x_wconf 90' lang='lat' dir='ltr'>curam</span> <span class='ocrx_word' id='word_1_291' title='bbox 905 4173 1099 4238; x_wconf 89' lang='lat' dir='ltr'>animarum</span> <span class='ocrx_word' id='word_1_292' title='bbox 1118 4174 1406 4257; x_wconf 89' lang='lat' dir='ltr'>parochianorum</span> <span class='ocrx_word' id='word_1_293' title='bbox 1427 4181 1462 4238; x_wconf 91' lang='lat' dir='ltr'>et</span> 
     </span>
    </p>
   </div>
   <div class='ocr_carea' id='block_1_24' title="bbox 147 4243 1461 4370">
    <p class='ocr_par' dir='ltr' id='par_1_25' title="bbox 147 4243 1461 4370">
     <span class='ocr_line' id='line_1_36' title="bbox 191 4243 1065 4298; baseline -0.003 -7"><span class='ocrx_word' id='word_1_294' title='bbox 191 4243 282 4298; x_wconf 83' lang='lat' dir='ltr'>effect,</span> <span class='ocrx_word' id='word_1_295' title='bbox 373 4275 378 4285; x_wconf 80' lang='lat'><em>-</em></span> <span class='ocrx_word' id='word_1_296' title='bbox 623 4272 640 4292; x_wconf 83' lang='lat'>‚-</span> <span class='ocrx_word' id='word_1_297' title='bbox 842 4273 847 4284; x_wconf 82' lang='lat'><em>·</em></span> <span class='ocrx_word' id='word_1_298' title='bbox 1060 4278 1065 4288; x_wconf 94' lang='lat'><em>.</em></span> 
     </span>
     <span class='ocr_line' id='line_1_37' title="bbox 147 4273 1461 4370; baseline 0.002 -30"><span class='ocrx_word' id='word_1_299' title='bbox 147 4312 200 4360; x_wconf 78' lang='lat' dir='ltr'>out</span> <span class='ocrx_word' id='word_1_300' title='bbox 212 4324 243 4359; x_wconf 79' lang='lat' dir='ltr'>as</span> <span class='ocrx_word' id='word_1_301' title='bbox 257 4309 324 4370; x_wconf 83' lang='lat' dir='ltr'>they</span> <span class='ocrx_word' id='word_1_302' title='bbox 351 4275 504 4338; x_wconf 81' lang='lat' dir='ltr'>eiusdem</span> <span class='ocrx_word' id='word_1_303' title='bbox 550 4273 618 4336; x_wconf 92' lang='lat' dir='ltr'>eccl</span> <span class='ocrx_word' id='word_1_304' title='bbox 633 4292 663 4335; x_wconf 86' lang='lat' dir='ltr'>re</span> <span class='ocrx_word' id='word_1_305' title='bbox 708 4273 927 4353; x_wconf 89' lang='lat' dir='ltr'>habent1bus,</span> <span class='ocrx_word' id='word_1_306' title='bbox 974 4278 1230 4343; x_wconf 82' lang='lat' dir='ltr'>considerantes</span> <span class='ocrx_word' id='word_1_307' title='bbox 1275 4278 1461 4343; x_wconf 89' lang='lat' dir='ltr'>eorundem</span> 
     </span>
    </p>
   </div>
   <div class='ocr_carea' id='block_1_25' title="bbox 135 4376 1462 4779">
    <p class='ocr_par' dir='ltr' id='par_1_26' title="bbox 135 4376 1462 4779">
     <span class='ocr_line' id='line_1_38' title="bbox 144 4376 1462 4494; baseline 0.002 -50"><span class='ocrx_word' id='word_1_308' title='bbox 144 4376 329 4494; x_wconf 48' lang='lat' dir='ltr'>bhffieenls’gffle</span> <span class='ocrx_word' id='word_1_309' title='bbox 351 4378 594 4443; x_wconf 89' lang='lat' dir='ltr'>intollerabiles</span> <span class='ocrx_word' id='word_1_310' title='bbox 611 4377 744 4462; x_wconf 86' lang='lat' dir='ltr'>vigilias</span> <span class='ocrx_word' id='word_1_311' title='bbox 760 4385 795 4442; x_wconf 92' lang='lat' dir='ltr'>et</span> <span class='ocrx_word' id='word_1_312' title='bbox 811 4379 952 4445; x_wconf 92' lang='lat' dir='ltr'>sudores</span> <span class='ocrx_word' id='word_1_313' title='bbox 968 4381 1094 4465; x_wconf 88' lang='lat' dir='ltr'>quibus</span> <span class='ocrx_word' id='word_1_314' title='bbox 1110 4382 1236 4446; x_wconf 90' lang='lat' dir='ltr'>cotidie</span> <span class='ocrx_word' id='word_1_315' title='bbox 1252 4383 1462 4448; x_wconf 89' lang='lat' dir='ltr'>noctuatim-</span> 
     </span>
     <span class='ocr_line' id='line_1_39' title="bbox 159 4460 1462 4568; baseline 0.005 -24"><span class='ocrx_word' id='word_1_316' title='bbox 159 4460 252 4562; x_wconf 69' lang='lat' dir='ltr'>tuothe</span> <span class='ocrx_word' id='word_1_317' title='bbox 266 4507 315 4556; x_wconf 86' lang='lat' dir='ltr'>mi·</span> <span class='ocrx_word' id='word_1_318' title='bbox 350 4504 418 4567; x_wconf 93' lang='lat' dir='ltr'>que</span> <span class='ocrx_word' id='word_1_319' title='bbox 434 4482 500 4565; x_wconf 85' lang='lat' dir='ltr'>hijs</span> <span class='ocrx_word' id='word_1_320' title='bbox 517 4482 729 4566; x_wconf 89' lang='lat' dir='ltr'>temporibus</span> <span class='ocrx_word' id='word_1_321' title='bbox 744 4484 907 4567; x_wconf 90' lang='lat' dir='ltr'>grauibus</span> <span class='ocrx_word' id='word_1_322' title='bbox 923 4492 958 4549; x_wconf 90' lang='lat' dir='ltr'>et</span> <span class='ocrx_word' id='word_1_323' title='bbox 974 4485 1080 4568; x_wconf 84' lang='lat' dir='ltr'>varijs</span> <span class='ocrx_word' id='word_1_324' title='bbox 1095 4486 1355 4551; x_wconf 89' lang='lat' dir='ltr'>infirmitatibus</span> <span class='ocrx_word' id='word_1_325' title='bbox 1371 4486 1462 4552; x_wconf 91' lang='lat' dir='ltr'>inter</span> 
     </span>
     <span class='ocr_line' id='line_1_40' title="bbox 135 4575 1460 4709; baseline 0.004 -58"><span class='ocrx_word' id='word_1_326' title='bbox 135 4575 337 4709; x_wconf 49' lang='grc' dir='ltr'>θ’ζξὲξξὲῂζῦῗο</span> <span class='ocrx_word' id='word_1_327' title='bbox 351 4587 577 4671; x_wconf 90' lang='lat' dir='ltr'>parochianos</span> <span class='ocrx_word' id='word_1_328' title='bbox 613 4587 690 4671; x_wconf 89' lang='lat' dir='ltr'>plus</span> <span class='ocrx_word' id='word_1_329' title='bbox 727 4587 828 4652; x_wconf 93' lang='lat' dir='ltr'>solito</span> <span class='ocrx_word' id='word_1_330' title='bbox 866 4590 1162 4655; x_wconf 88' lang='lat' dir='ltr'>concrescentibus</span> <span class='ocrx_word' id='word_1_331' title='bbox 1198 4597 1460 4676; x_wconf 87' lang='lat' dir='ltr'>pregravantur,</span> 
     </span>
     <span class='ocr_line' id='line_1_41' title="bbox 153 4691 1461 4779; baseline -0.001 -18"><span class='ocrx_word' id='word_1_332' title='bbox 153 4711 311 4765; x_wconf 79' lang='lat' dir='ltr'>thevicars,</span> <span class='ocrx_word' id='word_1_333' title='bbox 350 4698 522 4776; x_wconf 89' lang='lat' dir='ltr'>quatenus</span> <span class='ocrx_word' id='word_1_334' title='bbox 551 4712 630 4755; x_wconf 92' lang='lat' dir='ltr'>cum</span> <span class='ocrx_word' id='word_1_335' title='bbox 659 4691 733 4755; x_wconf 88' lang='lat' dir='ltr'>Deo</span> <span class='ocrx_word' id='word_1_336' title='bbox 762 4713 865 4776; x_wconf 90' lang='lat' dir='ltr'>super</span> <span class='ocrx_word' id='word_1_337' title='bbox 892 4695 957 4758; x_wconf 92' lang='lat' dir='ltr'>hoc</span> <span class='ocrx_word' id='word_1_338' title='bbox 985 4693 1249 4758; x_wconf 90' lang='lat' dir='ltr'>misericorditer</span> <span class='ocrx_word' id='word_1_339' title='bbox 1277 4712 1461 4779; x_wconf 91' lang='lat' dir='ltr'>possumus</span> 
     </span>
    </p>
   </div>
   <div class='ocr_carea' id='block_1_26' title="bbox 148 4775 1462 4987">
    <p class='ocr_par' dir='ltr' id='par_1_27' title="bbox 148 4775 1462 4987">
     <span class='ocr_line' id='line_1_42' title="bbox 148 4775 1462 4885; baseline 0.005 -26"><span class='ocrx_word' id='word_1_340' title='bbox 148 4775 322 4838; x_wconf 61' lang='lat' dir='ltr'>⁰⁰¹¹Sid⁶si¹²3</span> <span class='ocrx_word' id='word_1_341' title='bbox 350 4795 539 4881; x_wconf 86' lang='lat' dir='ltr'>dispensari</span> <span class='ocrx_word' id='word_1_342' title='bbox 569 4795 765 4860; x_wconf 88' lang='lat' dir='ltr'>huiusmodi</span> <span class='ocrx_word' id='word_1_343' title='bbox 794 4803 940 4874; x_wconf 84' lang='lat' dir='ltr'>statuta,</span> <span class='ocrx_word' id='word_1_344' title='bbox 971 4798 1184 4864; x_wconf 88' lang='lat' dir='ltr'>decernimus</span> <span class='ocrx_word' id='word_1_345' title='bbox 1213 4805 1371 4865; x_wconf 91' lang='lat' dir='ltr'>nostrum</span> <span class='ocrx_word' id='word_1_346' title='bbox 1400 4820 1462 4885; x_wconf 90' lang='lat' dir='ltr'>per</span> 
     </span>
     <span class='ocr_line' id='line_1_43' title="bbox 422 4919 983 4987; baseline 0.007 -17"><span class='ocrx_word' id='word_1_347' title='bbox 422 4927 429 4950; x_wconf 90' lang='lat'><em>¹</em></span> <span class='ocrx_word' id='word_1_348' title='bbox 449 4922 474 4970; x_wconf 86' lang='lat' dir='ltr'>A</span> <span class='ocrx_word' id='word_1_349' title='bbox 486 4921 548 4986; x_wconf 86' lang='lat' dir='ltr'>peal</span> <span class='ocrx_word' id='word_1_350' title='bbox 562 4935 599 4972; x_wconf 89' lang='lat' dir='ltr'>on</span> <span class='ocrx_word' id='word_1_351' title='bbox 612 4920 649 4970; x_wconf 87' lang='lat' dir='ltr'>all</span> <span class='ocrx_word' id='word_1_352' title='bbox 662 4921 710 4970; x_wconf 87' lang='lat' dir='ltr'>the</span> <span class='ocrx_word' id='word_1_353' title='bbox 723 4919 792 4971; x_wconf 85' lang='lat' dir='ltr'>bells</span> <span class='ocrx_word' id='word_1_354' title='bbox 806 4922 983 4987; x_wconf 84' lang='lat' dir='ltr'>(classicum).</span> 
     </span>
    </p>
   </div>
   <div class='ocr_carea' id='block_1_27' title="bbox 0 0 1700 5650">
    <p class='ocr_par' dir='ltr' id='par_1_28' title="bbox 0 0 1700 5650">
     <span class='ocr_line' id='line_1_44' title="bbox 0 0 1700 5650; baseline 0 0"><span class='ocrx_word' id='word_1_355' title='bbox 0 0 1700 5650; x_wconf 95' lang='lat' dir='ltr'> </span> 
     </span>
    </p>
   </div>
  </div>
 </body>
</html>
