3392 5650
644 715 739 780 Acrs
762 732 808 780 oe
831 715 1011 780 Cnaeran.
1235 723 1237 728 ’
1322 732 1384 798 173

275 897 376 960 huius
395 896 594 960 testamenti
612 895 679 960 mei
697 894 975 979 complecionem,
995 900 1126 978 etpost
1145 895 1385 959 humacionem

274 1021 387 1064 meam
413 1001 553 1077 factam,
580 1000 625 1064 do
650 1006 685 1064 et
710 1000 784 1084 lego
809 999 1050 1063 executoribus
1075 1000 1159 1063 meis
1183 999 1385 1084 subscriptis

275 1105 319 1169 ad
361 1105 586 1169 distribuend.
631 1105 665 1168 in
707 1104 867 1187 operibus
908 1104 1073 1179 caritatis,
1117 1110 1156 1168 vt
1198 1105 1232 1167 in
1274 1104 1385 1168 missis

274 1209 495 1285 celebrandis,
517 1209 762 1273 distribucione
782 1228 984 1291 pauperum,
1006 1213 1040 1272 et
1061 1207 1137 1292 alijs
1157 1207 1223 1291 pijs
1243 1209 1383 1284 vsubuS,

198 1333 203 1340 ·
274 1313 462 1378 secundum
491 1313 733 1377 discrecionem
763 1311 950 1376 eorundem
979 1318 1201 1376 executorum
1230 1332 1385 1376 meorum

274 1424 308 1481 et
339 1424 442 1501 prout
472 1418 519 1482 eis
549 1417 670 1482 melius
699 1416 833 1481 videbit
863 1416 1033 1499 expedire,
1066 1417 1139 1480 Deo
1170 1417 1314 1500 placere,
1346 1438 1385 1481 ac

274 1522 377 1586 saluti
403 1522 516 1586 anime
541 1542 615 1585 mee
641 1522 750 1606 magis
776 1520 948 1605 proficere.
996 1520 1109 1605 Huius
1135 1527 1252 1585 autem
1279 1526 1384 1585 testa-

274 1627 382 1690 menti
407 1627 473 1690 mei
498 1627 588 1691 facio
612 1632 646 1690 et
671 1626 846 1690 constituo
871 1631 1071 1689 executores
1096 1646 1200 1701 meos,
1226 1625 1384 1690 videlicet

275 1731 370 1795 d’nm
397 1731 584 1795 Henricum
609 1730 764 1814 Jolypas,
790 1729 1018 1813 capellanum,
1045 1729 1277 1794 Camerarium
1302 1731 1382 1795 eccl.

276 1836 341 1899 S’ci
361 1835 459 1899 Pauli
477 1835 640 1919 predicte,
660 1834 756 1898 d’nm
775 1834 903 1898 Will’m
922 1833 1081 1919 Wryght,
1103 1834 1285 1898 Rectorem
1304 1834 1382 1899 eccl.

274 1940 392 2005 Sancti
411 1940 584 2004 Michaelis
603 1940 647 2004 ad
666 1940 777 2023 ripam
797 1938 927 2023 Regine
946 1938 1113 2014 London’,
1134 1938 1229 2003 d'nm
1248 1939 1384 2022 Joh'em
1399 1951 1593 2006 siincnaet’s,

275 2044 382 2120 Mede,
415 2050 449 2109 et
480 2044 613 2128 pred'm
644 2044 741 2108 d’nm
774 2043 912 2126 Joh’em
943 2043 1047 2119 stow,
1080 2043 1290 2127 Capellanos.
1339 2045 1354 2108 Ι

273 2149 348 2234 lego
378 2149 517 2213 cuilibet
548 2149 720 2227 dictorum
752 2154 976 2212 executurum
1007 2168 1161 2212 meorum
1191 2154 1231 2212 vt
1261 2150 1383 2213 subeat

274 2274 360 2318 onus
377 2254 589 2318 execucionis
606 2254 707 2317 huius
724 2252 925 2317 testamenti
942 2252 1019 2328 mei,
1038 2273 1125 2329 xxs,
1144 2252 1383 2337 dictorumque

274 2365 496 2423 executorum
532 2378 687 2422 meorum
724 2357 813 2421 facio
849 2363 884 2420 et
922 2357 1096 2421 constituo
1133 2358 1383 2441 superuisorem

273 2462 503 2528 venerabilem
527 2463 640 2527 virum
664 2462 760 2526 d’nm
785 2461 955 2525 Thomam
979 2462 1083 2538 More,
1108 2461 1277 2527 decanum
1301 2464 1381 2529 eccl.

274 2568 341 2631 S’ci
362 2567 460 2633 Pauli
481 2567 642 2651 predicte.
692 2567 733 2631 In
754 2587 782 2631 c.
806 2586 831 2630 r.
855 2572 880 2630 t.
903 2566 936 2631 h.
960 2571 984 2631 t.
1008 2586 1052 2631 m.
1076 2566 1135 2651 sig.
1159 2587 1203 2631 m.
1227 2568 1381 2651 apposui.

274 2672 354 2737 Dat.
378 2671 545 2747 London',
567 2671 622 2735 die
643 2677 677 2735 et
699 2691 790 2735 anno
811 2670 985 2753 predictis.

677 2862 764 2946 (256)
794 2863 981 2946 (Probate).

363 3018 531 3082 Nouerint
556 3018 706 3082 vniuersi
732 3037 792 3100 per
816 3024 991 3100 presentes
1015 3019 1110 3102 quod
1135 3040 1197 3084 nos
1221 3020 1382 3098 Thomas,

275 3122 495 3206 permissione
527 3122 646 3187 diuina
677 3121 840 3186 Cantuar.
874 3121 1086 3206 Archiep'us,
1121 3124 1231 3189 tocius
1263 3126 1383 3210 Anglie

276 3227 418 3303 Primas,
430 3233 464 3290 et
475 3226 661 3310 apostolice
672 3227 761 3291 sedis
771 3226 915 3311 legatus
927 3233 1050 3291 notum
1061 3227 1206 3293 facimus
1216 3230 1383 3294 vniuersis

274 3332 368 3416 quod
397 3331 559 3395 vicesimo
589 3331 694 3395 tercio
724 3330 778 3394 die
807 3331 933 3394 mensis
963 3331 1138 3415 Februarij
1171 3334 1272 3398 Anno
1302 3335 1383 3399 D'ni

275 3436 417 3500 Mill’mo
445 3445 560 3500 ccccm⁰
588 3456 679 3500 nono
708 3435 743 3499 in
772 3435 851 3499 eccl.
877 3434 975 3500 Cath.
1002 3435 1069 3500 S’ci
1099 3436 1197 3501 Pauli
1226 3438 1381 3504 London’

274 3541 460 3623 probatum
507 3539 573 3603 fuit
620 3559 736 3604 coram
782 3539 881 3604 nobis
929 3545 1178 3605 testamentum
1226 3543 1383 3628 Hugonis

274 3643 502 3729 Cotyngham,
544 3643 672 3718 Clerici,
714 3643 876 3708 Canonici
916 3643 995 3708 eccl.
1037 3643 1136 3710 Cath.
1179 3645 1244 3711 S'ci
1286 3647 1383 3712 Pauli

274 3748 459 3824 antedicte,
478 3768 587 3831 nuper
606 3747 770 3822 defuncti,
789 3748 1005 3831 presentibus
1022 3769 1206 3826 annexum,
1224 3750 1383 3836 idemque

275 3858 524 3917 testamentum
552 3872 615 3936 pro
643 3857 678 3915 et
706 3872 748 3915 ex
777 3871 817 3916 eo
845 3852 939 3936 quod
968 3852 1059 3916 idem
1088 3852 1271 3919 defunctus
1300 3855 1383 3921 dum

273 3957 363 4021 vixit
382 3962 417 4021 et
437 3962 591 4040 tempore
610 3955 732 4020 mortis
751 3955 904 4020 eiusdem
923 3957 1088 4021 nonnulla
1106 3957 1198 4023 bona
1216 3961 1384 4025 notabilia

274 4165 426 4248 optinuit
445 4164 488 4228 de
507 4165 725 4249 prerogatiua
745 4163 859 4228 eccl’ie
877 4164 949 4228 n’re
969 4164 1080 4241 Cant„
1098 4167 1284 4249 probatum
1304 4168 1381 4245 fuit,

273 4270 516 4353 approbatum,
561 4274 596 4332 et
639 4268 789 4353 legitime
833 4268 1101 4351 pronunciatum
1144 4291 1207 4354 pro
1250 4273 1381 4350 eodem,

273 4373 598 4457 administracioque
617 4373 772 4437 omnium
791 4373 961 4437 bonorum
981 4372 1114 4438 dictum
1133 4380 1382 4444 testamentum

272 4483 307 4541 et
336 4477 442 4561 ipsius
470 4477 625 4541 defuncti
653 4476 813 4541 vltimam
841 4477 1060 4543 voluntatem
1089 4463 1381 4559 concemencium,

272 4582 399 4647 dilecto
417 4581 452 4646 in
470 4601 540 4665 xpo
558 4580 628 4645 filio
646 4581 727 4645 d’no
745 4580 839 4664 Joh’i
858 4581 982 4658 Stowe,
1001 4581 1189 4666 capellano,
1209 4588 1383 4651 executori

274 4687 309 4750 in
328 4685 449 4750 eodem
469 4691 679 4749 testamento
698 4684 878 4749 nominato
897 4671 1049 4750 de'fideli
1070 4687 1270 4753 Inuentario
1289 4711 1380 4757 omn.

272 4792 442 4858 bonorum
467 4789 663 4857 huiusmodi
688 4788 910 4868 conficiendo
937 4810 977 4854 ac
1002 4810 1043 4856 ea
1067 4792 1154 4856 bene
1178 4799 1212 4858 et
1237 4793 1383 4862 fideliter

1358 2045 1383 2108 t,
1405 2018 1589 2081 Queenhithe.

1435 3046 1562 3093 1409-10..

1433 3099 1498 3149 Feb.
1517 3113 1558 3162 23.

1431 3239 1434 3245 Ι
1461 3180 1532 3243 Abp.

1430 3248 1561 3297 Aruudel,
