3392 5650
361 657 422 740 184
644 661 722 725 Tne
748 661 903 726 lxcnar
928 661 1175 726 llanuscarrr.

596 840 683 922 (277)
713 840 920 920 (Admission
945 847 982 905 to
1005 863 1026 904 a
1049 840 1227 923 Chantry).

448 981 621 1044 Vniuersis
647 982 720 1045 S'ce
749 983 868 1047 llatris
894 983 972 1047 eccl.
1002 982 1081 1071 filijs
1107 981 1152 1046 ad
1178 1003 1264 1066 quos
1290 989 1474 1066 presentes

360 1083 455 1147 litere
475 1086 701 1168 peruenerint,
724 1086 804 1160 Nos,
826 1088 936 1170 sapit.
958 1087 1037 1151 eccl.
1058 1087 1132 1151 coll.
1152 1087 1203 1151 be.
1226 1086 1317 1151 Petri
1338 1086 1469 1171 Ripon,

360 1188 505 1251 salntem
523 1190 556 1253 in
575 1190 664 1254 D’no
680 1192 935 1275 sempitemam.
986 1191 1184 1255 Cantariam
1201 1197 1407 1275 perpetuam
1424 1191 1473 1255 ad

360 1293 467 1357 altare
484 1294 550 1357 S'ci
566 1294 687 1377 Jacobi
705 1295 739 1358 in
756 1296 895 1360 ecclesia
912 1296 1098 1380 collegiata
1114 1295 1268 1380 predicta
1283 1294 1472 1360 fundatam

360 1418 421 1480 per
450 1397 590 1462 liberam
622 1399 887 1483 resignacionem
918 1398 989 1463 d’ni
1020 1399 1130 1482 Joh¹is
1161 1399 1324 1483 Stodelay
1353 1398 1470 1463 vltimi

361 1501 533 1584 Capellani
572 1509 606 1566 et
645 1504 845 1587 possessoris
884 1502 1035 1567 eiusdem
1074 1503 1233 1568 Cantarie
1271 1504 1305 1567 in
1344 1524 1471 1568 manus

361 1613 496 1669 nostras
522 1607 650 1671 iactam
677 1615 710 1671 et
738 1629 797 1692 per
823 1629 885 1671 nos
911 1608 1107 1684 admissam,
1135 1608 1231 1673 cuius
1257 1607 1396 1672 collacio
1424 1608 1470 1672 ad

362 1731 423 1774 nos
456 1732 498 1773 ex
533 1712 736 1776 fundacione
770 1713 875 1796 ipsius
908 1713 1060 1776 cantarie
1093 1719 1227 1796 spectat
1260 1713 1361 1797 pleno
1394 1712 1470 1776 iure

362 1815 487 1878 dilecto
516 1817 613 1879 nobis
642 1817 676 1879 in
706 1838 774 1900 xpo
803 1817 884 1880 d'no
914 1816 1099 1881 Edmundo
1130 1817 1237 1881 Karre
1266 1816 1470 1901 presbiter0,

362 1920 431 1983 suis
460 1920 675 2004 exigentibus
705 1921 833 1984 meritis
863 1929 897 1984 et
927 1921 1056 1985 virtute
1086 1921 1309 1985 conferrimus
1338 1920 1472 1986 intuitu

362 2024 526 2098 ciuitatis,
567 2025 748 2109 ipsumque
789 2025 884 2088 d’nm
924 2026 1148 2089 Edmundum
1187 2024 1232 2089 ad
1271 2024 1472 2090 Cantariam

362 2128 551 2212 predictam
582 2129 798 2193 admittimus
828 2136 863 2193 et
892 2129 1115 2205 instituimus,
1147 2150 1186 2194 ac
1215 2129 1470 2214 presencialiter

362 2233 565 2296 inuestimus
587 2234 621 2296 in
641 2234 771 2307 eadem,
796 2254 928 2298 necnon
948 2240 982 2297 et
1003 2233 1117 2298 induci
1138 2233 1280 2298 fecimus
1299 2254 1377 2298 curn
1397 2233 1469 2298 suis

362 2336 504 2419 Juribus
523 2343 558 2400 et
577 2337 699 2421 pertin.
720 2338 897 2402 uniuersis.
946 2338 1033 2402 Ine.
1055 2358 1080 2401 r.
1102 2344 1126 2402 t.
1148 2338 1207 2423 sig.
1229 2337 1310 2422 Cap.
1331 2337 1396 2401 n'ri
1415 2344 1469 2402 est

362 2461 562 2526 appensum.
613 2441 693 2505 Dat.
731 2442 845 2526 Ripon
880 2442 914 2506 in
949 2442 1012 2506 do.¹
1040 2442 1114 2505 n’ra
1148 2441 1229 2525 Cap.
1266 2441 1380 2525 xxiiij0
1413 2441 1470 2506 die

363 2545 488 2609 mensis
509 2545 617 2629 Junij,
639 2546 740 2610 Anno
762 2546 842 2609 D’ni
863 2546 1005 2612 Mill'mo
1025 2556 1139 2610 ecec¹¹¹⁰
1158 2546 1270 2627 xliiij0.
1354 2621 1361 2627 ¹

366 2725 453 2808 (278)
487 2723 506 2795 t'
521 2725 717 2807 (Induction
737 2732 773 2789 to
791 2746 811 2789 a
829 2725 988 2808 Canonry
1006 2725 1075 2788 and
1094 2725 1249 2789 Prebend
1267 2725 1314 2809 by
1332 2726 1469 2810 proxy).

450 2869 603 2952 Quarum
613 2868 753 2953 quidem
765 2869 941 2934 literarum
953 2868 1158 2933 Reuerend.1
1173 2868 1243 2932 Nos
1254 2868 1310 2932 Ca.
1324 2866 1472 2952 Riponie

363 2973 526 3037 antedict.
545 2974 680 3056 prelato
700 2973 799 3036 xxix⁰
817 2972 872 3036 die
892 2973 1016 3036 mensis
1039 2972 1118 3056 Maij
1141 2972 1187 3035 A0
1204 2973 1283 3036 D'ni
1306 2973 1471 3036 M0cccc¹²¹⁰

363 3077 459 3160 xlvij,
492 3077 624 3141 dictum
655 3078 823 3161 Mag'rum
856 3077 1023 3141 Rob'tum
1054 3077 1193 3140 Dobbes
1223 3077 1258 3140 in
1288 3096 1470 3161 personam

364 3182 488 3265 prelati
511 3181 555 3245 M.
579 3181 709 3245 Thome
731 3182 758 3243 F
760 3181 903 3255 arleton,
922 3181 1152 3264 procuratoris
1171 3181 1224 3246 sui
1245 3181 1470 3245 sufficientem

363 3292 403 3349 vt
419 3285 633 3369 premittitur
648 3291 858 3368 potestatem
875 3285 1033 3349 habentis
1050 3286 1094 3349 ab
1111 3285 1194 3369 ipsu,
1209 3286 1244 3349 in
1260 3284 1471 3370 corporalem

364 3389 611 3473 possessionem
641 3389 812 3453 dictorum
841 3390 1063 3454 canonicatus
1092 3396 1127 3453 et
1155 3390 1327 3474 prebende
1355 3388 1471 3453 induci
1513 3396 1516 3401 ’

364 3494 515 3568 fecimus,
538 3514 577 3556 ac
598 3493 737 3556 stallum
758 3493 792 3556 in
813 3494 917 3556 choro
938 3500 973 3556 et
993 3494 1106 3558 locum
1126 3494 1161 3558 in
1181 3494 1340 3579 Capitulo
1360 3493 1470 3557 eidem

363 3598 398 3662 in
418 3618 598 3681 personam
618 3597 702 3661 dieti
722 3598 954 3680 procuratoris
974 3598 1026 3662 sui
1046 3598 1305 3683 assignauimus,
1326 3597 1471 3683 prestito

364 3703 523 3786 primitus
542 3702 736 3766 iuramento
756 3702 800 3766 ad
819 3709 940 3766 sancta
962 3702 1026 3766 Dei
1047 3703 1224 3787 euangelia
1245 3723 1306 3786 per
1324 3702 1470 3767 eundem

363 3813 619 3891 procuratorem
649 3806 683 3870 in
714 3806 866 3870 animam
896 3807 967 3870 d’ni
998 3807 1050 3871 sui
1079 3807 1225 3891 predicti
1255 3807 1296 3871 de
1326 3806 1472 3872 fideliter

363 3911 578 3976 obseruando
606 3917 640 3974 et
668 3911 902 3975 conseruando
931 3911 1015 3986 iura,
1044 3910 1232 3987 libertates,
1262 3917 1408 3988 statut'a,
1436 3917 1472 3976 et

363 4015 627 4081 consuetudines
650 4015 731 4079 eccl.
758 4016 833 4080 coll.
859 4016 1011 4099 predicte
1032 4023 1067 4079 et
1091 4016 1233 4099 capituli
1257 4017 1410 4091 eiusdem
1431 4021 1472 4080 vt

363 4121 467 4187 moris
495 4127 547 4184 est
576 4126 730 4203 tempore
758 4119 973 4184 admissionis
1001 4127 1035 4184 et
1063 4120 1273 4184 induccionis
1301 4121 1382 4186 laet.
1412 4141 1473 4205 per

363 4247 425 4290 nos
448 4224 638 4309 capitulum
662 4223 864 4307 predictum.
927 4224 1025 4288 Vnde
1048 4246 1110 4288 nos
1133 4224 1331 4308 Capitulum
1355 4225 1471 4289 literas

363 4331 456 4394 dieto
481 4328 610 4413 Mag’ro
642 4328 770 4392 Rob’to
802 4329 944 4393 fecimus
972 4328 1219 4393 testimoniales
1244 4335 1279 4394 et
1303 4330 1471 4394 tradimus

362 4435 397 4498 in
436 4434 527 4498 hunc
566 4432 719 4508 modum,
754 4432 863 4517 sigillo
896 4433 970 4497 n'ro
1003 4433 1048 4497 ad
1081 4434 1143 4498 hos
1176 4440 1274 4498 aetus
1307 4439 1471 4499 consueto

362 4538 524 4623 signatas

435 4694 442 4716 ¹
463 4689 511 4737 See
532 4689 584 4736 N0.
608 4699 666 4749 275·
715 4686 878 4750 Something
900 4701 1019 4750 appears
1040 4690 1070 4736 to
1091 4687 1124 4735 be
1145 4689 1270 4752 wanting
1291 4689 1319 4737 in
1340 4689 1420 4737 order
1441 4693 1471 4738 to

362 4757 500 4821 complete
513 4756 561 4805 the
574 4769 661 4804 sense.
