3392 5650
381 704 444 771 208
664 708 743 772 Tne
768 708 924 773 luditur
949 709 1196 776 quuscxrer.

383 886 470 970 (295)
500 886 583 963 (The
611 887 802 952 Executors
829 888 866 951 oi
896 888 989 970 John
1021 887 1154 953 Norton
1187 890 1268 953 take
1298 889 1494 972 possession

424 990 459 1052 ol
483 989 541 1053 the
565 991 685 1074 profits
709 992 744 1054 ol
768 993 827 1055 the
851 992 1003 1076 prebend
1027 994 1062 1056 ol
1085 991 1299 1075 Givendale).

469 1133 558 1197 Item
579 1141 678 1197 sexto
699 1134 753 1198 die
775 1135 900 1198 mensis
922 1135 1096 1218 Februarij
1121 1135 1222 1200 Anno
1244 1135 1324 1200 D’ni
1346 1136 1492 1201 Mill'mo

236 1207 243 1236 ⁴
273 1228 278 1239 ’
313 1228 318 1238 ’
380 1247 493 1300 cccc¹¹¹⁰
515 1238 686 1301 tricesimo
707 1239 840 1321 quint0,
863 1238 999 1303 discreti
1019 1240 1083 1303 viri
1104 1239 1176 1304 Ric.
1199 1239 1333 1304 Norton
1356 1245 1390 1304 et
1412 1240 1492 1304 d’ns

379 1340 497 1423 Joh'es
548 1342 725 1417 Shirbum,
778 1343 984 1426 capellanus
1037 1350 1235 1408 executores
1286 1345 1490 1408 testamenti

378 1445 582 1509 venerabilis
614 1446 678 1509 viri
713 1447 832 1530 Mag’ri
867 1447 977 1529 Joh'is
1010 1447 1155 1522 Norton,
1190 1468 1299 1531 nuper
1331 1448 1489 1512 canonici

379 1550 527 1613 Ecclesie
560 1549 736 1635 collegiate
770 1551 863 1614 beati
897 1552 989 1614 Petri
1024 1551 1161 1634 Ripon',
1196 1572 1236 1615 ac
1268 1551 1486 1636 prebendarij

378 1653 549 1736 prebende
571 1653 613 1717 de
635 1653 835 1736 Gyvendale
858 1654 892 1718 in
915 1655 1045 1730 eadem,
1070 1655 1234 1730 defuncti,
1258 1656 1347 1719 inira
1369 1655 1490 1720 decem

378 1757 449 1820 dies
477 1779 497 1820 a
525 1764 679 1840 tempore
707 1758 923 1842 migracionis
951 1759 1034 1823 dicti
1063 1759 1182 1844 Mag’ri
1211 1759 1321 1842 Joh'is
1349 1759 1394 1823 ab
1422 1759 1490 1823 hac

377 1861 451 1925 luce
501 1862 663 1925 continue
713 1862 943 1926 numerandos
992 1869 1031 1927 vt
1082 1869 1300 1928 asseruerunt
1349 1864 1486 1928 notorie

377 1966 575 2036 existentes,
603 1966 701 2030 iuxta
728 1973 761 2029 et
788 1967 976 2031 secundum
1002 1967 1073 2031 vim
1100 1967 1256 2042 formam,
1284 1988 1324 2031 ac
1349 1988 1489 2032 omnem

377 2075 412 2133 et
429 2070 664 2133 omnimodum
681 2070 842 2134 effectum
856 2070 1004 2154 Capituli
1021 2071 1173 2155 Suscepti
1189 2070 1382 2155 regiminis¹
1401 2071 1488 2135 editi

377 2174 412 2237 in
432 2175 496 2237 hoc
515 2195 606 2248 casu,
627 2175 854 2258 omnibusque
874 2175 941 2258 vijs
960 2180 994 2238 et
1014 2175 1125 2239 modis
1144 2175 1340 2239 melioribus
1358 2175 1487 2259 quibus

377 2284 565 2361 potuerunt
585 2285 618 2341 et
638 2279 831 2343 debuerunt
852 2279 894 2342 de
913 2280 995 2354 iure,
1017 2278 1204 2364 priuilegio
1225 2279 1485 2355 consuetudine,

377 2381 431 2445 vel
455 2388 590 2446 statuto
615 2382 705 2446 dicte
730 2382 867 2446 ecclesie
892 2382 1075 2467 Collegiate
1102 2383 1238 2466 Ripon’,
1265 2382 1402 2447 nomine
1427 2403 1486 2447 ex-

376 2486 523 2550 ecutoris
541 2486 624 2550 dicti
642 2487 762 2571 mag’ri
780 2487 891 2569 Joh’is
909 2486 1074 2562 defuncti,
1093 2492 1127 2550 et
1146 2507 1207 2570 pro
1226 2487 1300 2570 ipso
1317 2493 1486 2570 optarunt

376 2596 411 2653 et
447 2591 619 2675 elegerunt
653 2591 785 2654 tructus
817 2597 852 2654 et
886 2597 1074 2674 prouentus
1108 2590 1198 2655 dicte
1233 2590 1405 2674 prebende
1441 2591 1484 2654 de

377 2694 576 2777 Gyvendale
599 2715 677 2759 cum
701 2695 770 2758 suis
794 2695 924 2759 iuribus
944 2701 978 2758 et
998 2695 1120 2778 pertin.
1139 2695 1315 2759 vniuersis
1362 2695 1409 2758 Et
1433 2694 1484 2759 in-

376 2819 477 2884 super
498 2800 781 2883 protestabantur
802 2805 1000 2863 executores
1021 2799 1165 2883 predicti
1186 2799 1312 2884 palam,
1335 2798 1482 2884 publice,

257 2952 260 2957 ·
377 2911 411 2968 et
433 2924 600 2989 expresse,
624 2925 659 2967 se
681 2904 767 2968 velle
789 2911 823 2967 et
846 2910 987 2987 paratos
1009 2924 1080 2967 esse
1103 2903 1225 2968 debere
1247 2903 1425 2987 opcionem
1448 2910 1484 2968 et

376 3008 579 3073 eleccionem
602 3029 682 3072 suas
706 3008 901 3072 huiusmodi
926 3008 1129 3093 cuicumque
1153 3007 1385 3089 iuturodicte
1409 3028 1485 3091 pre·

376 3113 486 3177 bende
519 3112 744 3196 prebendario
777 3112 936 3176 intimare
970 3119 1004 3176 et
1037 3111 1213 3176 notificare
1246 3132 1308 3195 pro
1340 3111 1415 3175 loco
1448 3118 1484 3175 et

376 3223 530 3301 tempore
548 3216 736 3300 oportunis,
783 3217 873 3280 Acta
890 3216 1029 3280 luerunt
1048 3217 1110 3280 lrec
1128 3217 1162 3280 in
1180 3216 1283 3280 domo
1301 3215 1484 3298 capitulari

376 3321 466 3385 dicte
499 3320 577 3385 eccl.
612 3320 795 3405 Collegiate
829 3320 953 3403 Ripon'
987 3320 1042 3384 die
1074 3326 1108 3384 et
1142 3340 1233 3384 anno
1264 3319 1482 3403 supradictis,

376 3425 590 3509 presentibus
625 3424 692 3506 hijs
727 3424 884 3499 testibus,
921 3423 1002 3488 d'no
1037 3424 1138 3507 Joh’e
1174 3423 1365 3507 Frankysh,
1402 3423 1485 3487 d’no

377 3530 530 3593 Roberto
550 3528 738 3611 Percyuall,
758 3534 792 3591 et
812 3528 898 3611 alijs.

379 3696 465 3780 (296)
502 3694 593 3780 (Will
612 3695 648 3758 ot
671 3694 801 3758 Robert
825 3695 991 3770 Allerton,
1017 3695 1134 3759 Canon
1158 3694 1193 3758 oi
1218 3695 1331 3779 Ripon
1355 3695 1425 3759 and
1448 3696 1484 3760 of

419 3799 585 3881 Lincoln).

465 3943 504 4006 In
544 3941 608 4005 Dei
646 3941 794 4016 nomine,
834 3940 954 4005 Amen.
1002 3940 1171 4005 Vicesimo
1209 3940 1264 4005 die
1303 3941 1479 4026 Februarii

361 4047 476 4116 ¹Anno
492 4046 573 4109 D’ni
589 4044 730 4108 Mill'mo
746 4055 860 4108 cccc⁰²⁰
876 4044 1022 4127 xxxvj‘⁰‚
1039 4046 1112 4129 Ego
1129 4044 1302 4109 Robertus
1316 4045 1483 4122 Allerton,

375 4171 456 4215 sane
477 4150 639 4214 memorie
659 4169 743 4224 mee,
766 4149 887 4213 videns
907 4139 1162 4233 quamplurima
1183 4148 1291 4213 indies
1311 4155 1346 4213 et
1367 4150 1484 4215 subita

374 4254 494 4318 mortis
521 4253 671 4337 pericula
697 4253 854 4328 eminere,
883 4259 918 4316 et
944 4273 1011 4336 que
1038 4252 1080 4317 de
1107 4258 1198 4317 terra
1225 4259 1302 4317 orta
1328 4259 1409 4318 sunt
1437 4254 1482 4318 ad

373 4359 535 4423 Vltimum
557 4358 591 4421 in
614 4363 740 4421 terram
761 4362 1017 4432 conuertentur‚
1040 4358 1085 4420 ob
1106 4357 1219 4421 anime
1240 4377 1314 4421 mee
1335 4357 1483 4422 salutern

373 4469 407 4526 et
422 4462 586 4547 gaudium
601 4460 724 4525 celeste
739 4460 976 4545 ampliandum
990 4460 1025 4524 in
1041 4461 1159 4525 futuro
1173 4461 1298 4537 seculo,
1314 4462 1482 4527 affectans

444 4647 450 4668 ¹
470 4640 530 4688 One
544 4640 573 4688 ot
586 4640 634 4687 tho
648 4640 865 4698 Extrorragantrs,
877 4639 995 4701 relating
1005 4643 1036 4686 to
1045 4639 1093 4686 the
1107 4639 1227 4702 disposal
1242 4639 1271 4687 ot
1285 4639 1333 4687 the
1346 4641 1481 4703 proceeds

370 4720 399 4769 ot
414 4724 518 4768 vacant
531 4719 674 4768 benetices.
715 4719 803 4780 Riporr
819 4718 934 4780 Chapter
948 4717 1019 4774 Acts,
1036 4720 1125 4773 zoora,
1140 4718 1196 4766 and
1210 4733 1255 4767 see
1268 4719 1366 4775 above,
1380 4733 1406 4782 p.
1422 4721 1480 4780 189,

370 4803 436 4850 uote
450 4813 474 4848 2.
