3392 5650
664 722 758 786 Acrs
781 737 827 786 or
850 720 1029 786 Cnapran.
1338 738 1401 805 237

291 898 329 961 81
347 919 378 962 v.
452 901 540 984 (334)
583 901 861 979 Aeporrrancra
902 916 971 964 Pno
1013 916 1191 980 nnnAsz
1233 917 1404 965 nncnrrrs

337 1021 406 1069 rao
432 1005 529 1070 Cara
553 1022 736 1070 Formosa

379 1147 509 1210 Tenore
541 1147 755 1231 presencium
786 1146 900 1211 cuntis
932 1153 1098 1230 appareat
1130 1146 1311 1211 manifeste
1342 1167 1404 1211 nos

292 1250 491 1334 Capitulum
506 1252 585 1317 eccl.
603 1251 685 1316 Coll.
703 1253 735 1316 b.
753 1251 862 1316 Wilfr.
881 1251 1005 1335 Ripon'
1023 1251 1180 1335 recipisse
1195 1258 1230 1315 et
1245 1252 1404 1315 habuisse

292 1355 346 1419 die
362 1356 589 1420 confeceionis
605 1356 818 1440 presencium
835 1356 878 1420 de
894 1355 1081 1420 venerabili
1099 1357 1270 1420 confratre
1286 1362 1404 1421 nostro

292 1460 422 1544 Mag'ro
441 1461 590 1524 Fulcone
610 1461 886 1545 Bermyngeham
905 1460 1077 1525 Canonico
1096 1460 1248 1525 eiusdem
1267 1461 1404 1525 ecclesie

291 1585 331 1627 ac
355 1564 579 1648 prebendario
605 1565 776 1648 prebende
800 1565 841 1629 de
871 1564 1035 1648 Stodelay
1062 1565 1097 1628 in
1126 1565 1256 1641 eadem,
1286 1565 1404 1630 decem

291 1688 424 1732 marcas
436 1668 613 1753 anglicane
624 1675 762 1733 monete
774 1668 808 1733 in
820 1668 1034 1752 empcionem
1046 1668 1148 1733 vnius
1159 1690 1243 1753 cape
1254 1670 1404 1753 preciose

290 1794 396 1857 quam
429 1773 620 1838 secundum
653 1773 864 1858 exigenciam
897 1778 1111 1837 statutorum
1140 1773 1234 1859 ¹dicte
1267 1773 1403 1838 ecclesie

290 1878 430 1941 reddere
449 1883 587 1942 tenetur
605 1884 639 1942 et
658 1877 851 1961 specialiter
868 1877 957 1941 infra
976 1877 1164 1942 triennium
1182 1899 1202 1942 a
1220 1878 1331 1962 primo
1349 1878 1403 1942 die

290 1982 482 2066 Septembr.
508 1983 610 2047 Anno
634 1983 715 2046 D'ni
741 1982 919 2046 Millesimo
943 1982 1283 2067 quadringentesimo
1307 2003 1403 2047 sexa-

289 2087 418 2171 gesimo
431 2093 557 2172 quarto
570 2087 733 2151 continue
746 2087 1009 2151 numerandum.
1059 2087 1111 2150 De
1124 2088 1250 2171 quibus
1263 2088 1403 2171 quidem

290 2190 408 2255 decem
445 2192 568 2256 marcis
606 2212 666 2276 per
702 2212 825 2256 manus
864 2191 983 2255 Rob'ti
1022 2191 1225 2256 Bramhowe
1261 2192 1399 2277 firmarij

289 2295 443 2360 eiusdem
479 2295 651 2380 prebende
687 2296 837 2360 fatemur
872 2316 934 2360 nos
970 2296 1014 2359 ad
1051 2317 1175 2361 manus
1212 2297 1255 2361 M.
1293 2297 1403 2380 Joh'is

289 2400 453 2465 Suthwell
490 2406 524 2464 et
559 2402 603 2465 M.
641 2400 752 2483 Joh'is
787 2400 988 2464 Pakenham
1023 2400 1274 2465 Canonicorum
1309 2402 1404 2466 Resi-

289 2504 539 2569 denciariorum
566 2505 656 2569 dicte
683 2505 820 2569 ecclesie
848 2505 919 2568 fore
945 2505 1087 2579 solutos,
1116 2506 1299 2590 ipsumque
1324 2528 1403 2571 con-

289 2608 431 2673 fratrem
452 2616 609 2673 nostrum
631 2609 896 2693 prebendarium
917 2608 960 2671 de
982 2609 1149 2693 Stodelay
1172 2610 1335 2675 antedict.
1359 2613 1403 2675 ab

289 2713 442 2778 vlteriori
458 2714 588 2778 clameo
604 2713 659 2777 vel
675 2713 889 2797 prestacione
905 2712 1103 2777 huiusmodi
1119 2735 1214 2798 cape,
1231 2720 1403 2798 quantum

289 2818 334 2883 ad
350 2840 412 2883 nos
430 2818 568 2894 attinet,
588 2838 814 2883 exoneramus
831 2822 866 2881 et
884 2817 1124 2901 acquietamus
1141 2839 1201 2902 per
1217 2826 1401 2903 presentes.

289 2924 370 2988 Dat.
389 2924 454 2988 sub
471 2923 531 3008 sig.
550 2944 583 2987 n.
603 2923 778 2987 communi
795 2922 839 2986 ad
857 2943 979 2986 causas
998 2922 1190 3005 penultimo
1207 2923 1261 2987 die
1277 2926 1403 2989 mensis

288 3028 435 3113 Augusti
453 3027 555 3091 Anno
573 3027 654 3090 D'ni
673 3026 815 3091 Mill'mo
832 3026 1175 3111 quadringentesimo
1192 3029 1403 3113 sexagesimo

288 3132 446 3216 septimo

520 3261 607 3344 (335)
635 3260 856 3325 Consrnrrrs
880 3260 1170 3338 Acoornmncm.

375 3403 422 3466 Et
447 3401 639 3466 consimiles
663 3401 899 3485 acquietancie
925 3401 1083 3465 exierunt
1109 3400 1191 3466 d'no
1216 3402 1402 3487 Radulpho

288 3506 443 3592 Langlay
468 3512 502 3570 et
528 3506 609 3570 d'no
634 3506 764 3569 Thome
791 3505 916 3581 Buthe‚
943 3505 1124 3570 Canonicis
1149 3507 1401 3590 prebendarum

286 3610 482 3674 Gevendale
501 3616 536 3674 et
555 3610 717 3694 Nunwyk
736 3630 797 3694 pro
816 3631 863 3673 xx
883 3610 1007 3674 marcis
1026 3631 1088 3694 per
1106 3610 1198 3695 ipsos
1216 3610 1337 3676 solutis
1356 3613 1400 3676 ad

286 3715 499 3799 empcionem
524 3714 754 3779 consimilium
779 3735 944 3798 caparum
972 3715 1215 3798 preciosarum,
1240 3716 1400 3780 videlicet

285 3820 424 3903 vtrique
443 3838 560 3883 eorum
579 3839 682 3903 prox
701 3819 834 3884 marcis.

285 3998 373 4082 (336)
427 3999 658 4064 Aocromras
709 4014 981 4064 sorannrzmror
1034 3999 1305 4065 Marnrnonrou
1357 4019 1395 4065 ru

327 4120 499 4168 acorrsm
524 4119 735 4168 romnsnca

370 4244 569 4330 Capitulum
590 4244 727 4309 ecclesie
747 4244 823 4310 coll.
846 4247 879 4310 b.
903 4245 1000 4322 Petri*
1018 4246 1142 4330 Ripon’
1165 4246 1293 4311 vicario
1314 4249 1392 4314 eccl.
1473 4269 1547 4328 1467,

281 4349 485 4435 parochialis
505 4349 547 4413 de
569 4349 717 4433 Kyrkby
733 4369 835 4434 super
855 4349 958 4426 More,
976 4350 1134 4416 salutem.
1192 4351 1239 4415 Vt
1259 4351 1294 4416 in
1314 4353 1392 4418 eccl.
1444 4333 1506 4383 ⁰⁰²
1522 4348 1564 4395 24·

282 4462 344 4520 tua
375 4453 562 4538 parochiali
595 4453 856 4518 Matrimonium
888 4454 978 4519 inter
994 4454 1218 4534 ¹Willelmum
1250 4456 1395 4543 Cunyng

280 4559 323 4623 de
361 4558 623 4634 Hundburton,¹
656 4558 905 4642 parochianum
937 4558 979 4622 de
1010 4558 1221 4645 Aldburghe,
1253 4581 1295 4624 ex
1326 4583 1395 4626 vna

281 4669 392 4748 parte,
413 4668 448 4727 et
471 4662 701 4747 Margaretam
722 4661 829 4726 filiam
855 4662 942 4727 Ric'i
965 4662 1128 4727 Redhede
1151 4662 1194 4727 de
1218 4664 1394 4743 Mulwath,

352 4821 360 4844 ¹
381 4816 570 4874 Humberton,
584 4829 647 4865 now
660 4815 689 4864 in
702 4814 751 4864 the
764 4815 859 4882 parish
873 4815 902 4865 of
918 4815 1219 4881 Kirkbyonthe-Hill.
