3392 5650
616 704 709 768 Acrs
733 722 778 768 or
802 704 980 769 cmprm.
1237 789 1240 794 ἢ
1312 725 1374 791 117

353 882 558 947 Mandatum
589 904 665 947 ven.
699 883 807 967 patris
838 889 872 947 et
904 884 975 948 d’ni
1006 884 1076 949 d’ni
1108 886 1237 950 Thorne
1268 888 1371 951 Ebor.

265 986 364 1051 Arch.
401 987 499 1071 Angl.
535 988 703 1071 primatis
739 994 772 1052 et
807 1009 862 1072 ap.
898 988 967 1053 sed.
1004 988 1065 1074 leg.
1102 990 1136 1054 in
1171 991 1232 1055 hec
1266 992 1372 1055 verba

265 1092 463 1175 recepimus,

351 1258 510 1333 Thomas
533 1278 638 1341 perm.
665 1259 733 1322 diu.
760 1260 863 1323 Ebor.
890 1260 989 1323 Arch.
1019 1260 1112 1341 (etc),
1138 1260 1269 1324 dilectis
1294 1260 1371 1323 filiis
1425 1266 1522 1367 D¹39²›

264 1362 422 1446 Capitulo
444 1363 522 1426 eccl.
546 1363 617 1426 n're
639 1363 719 1426 Coll.
745 1364 834 1447 Ryp.
858 1385 905 1427 sa.
929 1385 997 1447 gra.
1022 1370 1055 1427 et
1077 1365 1153 1428 ben.
1202 1364 1287 1428 Cum
1308 1385 1370 1428 nos
1396 1335 1573 1458 radiatile

263 1466 512 1530 Canonicatum
535 1474 569 1529 et
593 1467 803 1550 prebendam
826 1467 868 1530 de
892 1466 1092 1549 Gyuendale
1115 1468 1149 1531 in
1173 1468 1266 1531 dicta
1289 1468 1368 1532 eccl.
1384 1476 1489 1533 induet,
1512 1477 1584 1525 from

263 1580 381 1634 nostra
399 1591 459 1654 per
477 1576 624 1633 mortem
643 1570 714 1633 d’ni
734 1569 912 1653 Guydonis
931 1572 973 1635 de
994 1572 1137 1635 Rowclit
1155 1573 1267 1636 vltimi
1287 1572 1367 1637 Can.
1419 1544 1550 1659 Affifi'eh

263 1680 296 1737 et
323 1675 419 1738 Preb.
446 1675 632 1738 eorundem
656 1680 820 1738 vacantes
844 1682 879 1738 et
904 1676 948 1739 ad
972 1682 1126 1739 nostram
1150 1676 1370 1741 collacionem

262 1778 363 1861 pleno
393 1780 464 1843 iure
494 1785 699 1862 spectantes
732 1779 856 1849 dilecto
886 1780 955 1844 filio
985 1781 1066 1844 d’no
1096 1781 1180 1844 Tho.
1213 1781 1371 1845 Forester

262 1886 450 1968 presbitero
472 1884 690 1958 contulimus
716 1885 896 1969 ipsumque
920 1905 980 1968 per
1004 1885 1110 1948 bereti
1135 1886 1242 1949 nostri
1265 1886 1370 1949 tradi-

261 1990 393 2054 cionem
436 1990 711 2053 inuestiuerimus
753 1990 977 2072 personaliter
1021 1990 1055 2053 in
1094 1990 1231 2064 eisdem,
1271 1990 1370 2054 vobis

261 2095 467 2158 mandamus
512 2094 677 2178 quatinus
722 2094 915 2176 predictum
961 2094 1056 2157 d'nm
1102 2095 1270 2158 Thomam
1316 2095 1371 2158 vel

261 2206 517 2282 procuratorem
545 2218 645 2262 suurn
673 2199 744 2261 eius
772 2198 910 2261 nomine
937 2198 971 2262 in
1000 2198 1209 2282 corporalem
1240 2219 1370 2282 posses·

262 2304 391 2368 sionem
422 2303 592 2367 dictorum
616 2303 839 2367 canonicatus
864 2309 902 2366 et·
922 2302 1094 2386 prebende
1118 2303 1311 2387 iuriumque
1335 2308 1370 2366 et

262 2408 384 2491 pertin.
406 2407 592 2471 eorundem
612 2407 793 2481 inducatis
811 2407 951 2495 stallum
971 2408 1005 2471 in
1025 2408 1128 2471 choro
1148 2413 1182 2470 et
1202 2407 1314 2471 locum
1335 2408 1369 2471 in

262 2513 414 2596 capitulo
436 2512 536 2576 dictis
558 2512 776 2575 canonicatui
798 2517 832 2574 et
855 2511 1026 2595 prebende
1047 2512 1230 2595 pertinent.
1255 2511 1370 2575 debite

263 2616 485 2701 assignantes,
534 2617 614 2679 Dat.
639 2616 673 2679 in
697 2615 849 2699 hospicio
871 2615 945 2679 n'ro
968 2616 1066 2679 iuxta
1089 2616 1231 2679 Westm.
1254 2628 1293 2678 x0
1316 2616 1370 2679 die

262 2742 367 2785 mens.
402 2722 579 2784 Decembr.
613 2720 713 2783 Anno
748 2720 828 2783 D'ni
861 2720 977 2783 Mill’io
1012 2731 1111 2783 ccc¹¹¹0
1141 2719 1370 2804 Nonogesimo

261 2827 421 2902 secund0,
442 2833 476 2890 et
495 2832 610 2890 nostre
629 2825 879 2889 Translacionis
897 2826 1030 2909 quinto,

350 2994 421 3058 Nos
439 2993 552 3078 igitur,
574 2998 628 3056 etc.
651 2992 701 3073 (as
717 2991 753 3055 in
773 2991 872 3056 Fortu
892 2991 978 3074 181).

264 3212 351 3294 (185)
376 3211 432 3274 Dr
454 3227 649 3273 Pnessunna
672 3227 719 3272 nr
741 3208 982 3273 Grununatr.
1032 3209 1107 3273 Pno
1129 3209 1216 3274 n'uo
1237 3210 1369 3274 Tanna

305 3317 506 3381 Fonrsren.

260 3496 296 3551 δι
348 3483 508 3556 Thomas
541 3481 761 3565 permissione
793 3481 911 3545 diuina
942 3481 1044 3544 Ebor.
1079 3480 1235 3564 Archiep.
1268 3480 1367 3565 Angl.
1446 3511 1520 3559 1392,

260 3590 398 3674 primas
422 3596 457 3654 et
480 3596 590 3672 apost.
615 3589 704 3653 sedis
727 3589 870 3673 legatus
895 3589 1020 3652 dilecto
1043 3588 1111 3652 filio
1135 3588 1216 3652 d'no
1239 3589 1369 3652 Thome
1404 3565 1489 3669 ‘Dee'
1505 3579 1544 3613 ¹⁰·

259 3695 426 3770 Forester,
457 3715 504 3757 sa.
535 3715 605 3778 gra.
638 3699 672 3757 et
703 3695 778 3757 ben.
828 3694 937 3757 Mores
966 3699 1000 3756 et
1028 3693 1151 3756 merita
1181 3693 1307 3776 quibus
1335 3699 1369 3757 te
1392 3657 1583 3771 eppapaopeny

259 3800 418 3864 nouimus
432 3798 633 3882 insignitum
647 3798 883 3881 multipliciter
897 3818 958 3861 nos
973 3797 1155 3861 excitauit²
1169 3798 1370 3881 propensius

259 3911 292 3967 et
331 3904 499 3968 inducunt
536 3910 575 3966 vt
613 3923 794 3986 personam
833 3908 930 3966 tuam
967 3922 1215 3985 prosequamur
1253 3901 1370 3965 fauore

258 4009 394 4093 gracie3
420 4006 603 4091 ampliatis
652 4007 742 4070 Hinc
769 4012 819 4069 est
846 4006 940 4089 quod
967 4006 1216 4069 Canonicatum
1240 4011 1274 4069 et
1296 4027 1370 4089 pre-

259 4113 408 4176 bendam
423 4112 464 4175 de
479 4111 680 4195 Gyuendale
695 4111 728 4174 in
743 4111 884 4174 ecclesia
898 4116 1016 4174 nostra
1031 4110 1217 4194 Collegiata
1232 4110 1368 4194 Rypon'

259 4238 319 4302 per
349 4222 495 4281 mortem
527 4216 597 4279 d’ni
629 4215 807 4298 Guydonis
839 4214 983 4278 Rowclif
1013 4214 1126 4278 vltimi
1154 4215 1307 4278 canonici
1336 4221 1369 4279 et

259 4321 473 4407 prebendarij
492 4320 678 4384 eorundem
692 4326 857 4384 vacantes
872 4325 906 4383 et
922 4319 966 4383 ad
981 4325 1135 4383 nostram
1149 4319 1370 4384 collacionem

331 4545 336 4566 ¹
357 4539 414 4586 The
435 4538 570 4586 reference
593 4537 688 4584 letters
712 4550 758 4584 are
781 4539 811 4582 to
833 4535 908 4583 shew
931 4534 995 4582 that
1020 4533 1070 4582 No.
1099 4536 1144 4594 185
1169 4533 1269 4582 should
1293 4548 1370 4582 corne

259 4619 352 4668 before
366 4618 417 4666 No.
437 4620 492 4676 184.

329 4715 339 4738 ²
358 4710 394 4758 So
407 4710 434 4756 in
449 4709 504 4756 MS.
520 4709 562 4756 lor
578 4706 755 4755 ''excitant‘'

330 4808 340 4837 ³
359 4803 395 4851 So
408 4800 575 4867 apparently
588 4801 616 4848 in
630 4800 686 4848 MS.
727 4800 804 4848 Read
821 4805 835 4820 ‘¹
847 4803 876 4846 et
890 4798 1008 4862 gracia.¹'
