3392 5650
563 682 660 745 Acrs
685 700 731 745 or
756 682 946 747 Cnnprsu.
1268 698 1307 759 23

201 877 306 937 quam
324 856 407 920 alibi
425 868 520 919 extra
537 856 744 919 territorium
762 856 805 919 de
822 855 1060 940 Slenyngford
1084 855 1118 917 in
1144 854 1308 937 parochia

202 955 345 1020 ecclesie
375 955 418 1018 de
447 953 590 1039 Rypon’
622 955 848 1038 imposterum
882 954 1073 1029 sumendis,
1109 953 1245 1037 integre
1275 965 1308 1016 et

202 1054 355 1137 plenarie
371 1054 460 1118 dicte
482 1055 625 1119 ecclesie
647 1055 690 1119 de
715 1053 856 1139 Rypon'
873 1052 1027 1117 decimas
1052 1051 1144 1115 bladi
1169 1052 1308 1115 soluent

202 1155 456 1237 imperpetuum
483 1203 490 1217 .
520 1203 526 1217 .

288 1321 369 1396 W
396 1317 449 1394 Et,
485 1340 527 1381 ne
562 1317 680 1399 aliqua
714 1315 896 1380 contencio
929 1317 981 1378 vel
1015 1314 1188 1379 discordia
1221 1314 1308 1377 inter

202 1415 372 1498 predictas
389 1416 552 1479 ecclesias
569 1436 675 1497 super
690 1414 843 1478 decimas
860 1414 903 1477 de
921 1411 1160 1497 Slenyngford
1186 1413 1239 1476 vel
1265 1413 1307 1476 de

202 1514 383 1578 Galhache
420 1515 463 1579 de
501 1528 614 1579 cetero
653 1512 770 1578 haberi
805 1512 924 1595 possit,
959 1512 1039 1577 dicti
1073 1510 1234 1575 monachi
1265 1511 1308 1575 dc

202 1613 373 1678 Fontibus
404 1616 543 1678 soluent
573 1590 755 1676 aniiuatim
785 1633 847 1695 pro
879 1615 972 1677 bono
1005 1612 1100 1695 pacis
1134 1611 1307 1696 Magistro

203 1712 360 1777 Galfrido
383 1714 426 1777 de
451 1713 551 1776 Lard'
571 1713 726 1777 eiusdem
747 1712 891 1776 ecclesie
908 1712 1098 1789 Canonic0,
1118 1724 1151 1775 et
1173 1733 1308 1776 succes-

201 1813 340 1877 soribus
374 1814 447 1877 suis
487 1814 754 1895 imperpetuum,
789 1812 946 1894 quinque
985 1832 1118 1875 marcas
1156 1812 1304 1895 argenti,

203 1912 420 1976 medietatem
449 1913 491 1976 ad
523 1912 646 1977 Pasch’
671 1926 704 1977 et
729 1913 946 1976 medietatem
970 1912 1013 1975 ad
1038 1911 1162 1975 festum
1188 1912 1307 1976 Sancti

205 2012 397 2077 Michaelis
480 2014 527 2076 Ut
568 2027 683 2077 autem
728 2012 791 2076 bec
829 2012 1043 2095 composicio
1083 2024 1155 2074 rata
1193 2012 1238 2075 sit
1275 2025 1309 2075 et

203 2112 412 2176 inconcussa
474 2127 685 2195 permaneat,
743 2113 923 2196 Vtriusque
984 2112 1135 2195 Capituli
1189 2112 1308 2196 sigillo

204 2214 393 2276 roboratur.
471 2212 553 2276 Hiis
598 2213 755 2289 testibuS,
807 2212 853 2274 H.
903 2211 1138 2275 Thesaurario
1186 2211 1305 2289 Ebor.,

204 2312 373 2395 magistro
392 2311 430 2373 P.
451 2311 493 2374 de
517 2311 722 2385 Shirburne,
744 2312 829 2375 m'ro
856 2312 900 2374 R.
920 2312 963 2375 de
990 2312 1119 2388 Insula,
1142 2311 1226 2375 m’ro
1245 2311 1304 2375 W.

202 2412 244 2474 de
270 2409 472 2488 Wisebech,
502 2411 587 2475 m'ro
618 2412 646 2495 J.
676 2411 852 2489 Romano,
881 2411 1069 2476 Canonicis
1095 2411 1214 2489 Ebor.,
1244 2412 1310 2474 ΜΓΟ

206 2510 351 2596 Rogero
388 2511 431 2574 de
472 2511 644 2588 Richem',
680 2512 765 2575 m'ro
805 2511 1008 2588 Aureliane,
1044 2510 1232 2575 Canonicis
1266 2511 1309 2575 de

206 2609 360 2695 Rypon',
380 2624 413 2674 et
429 2611 518 2674 aliis.

236 2801 306 2882 (19)
331 2800 596 2865 Coumnnncro
623 2819 786 2864 erusnnn
813 2819 883 2864 esu
909 2801 1130 2865 Currrueun
1157 2800 1272 2864 Esou.

1363 2514 1432 2562 Will.
1447 2514 1482 2563 de

1347 2580 1500 2629 Aureliano.

292 2951 477 3016 Vniuersis
522 2953 650 3016 Sancte
694 2953 817 3016 Matris
859 2955 1003 3019 ecclesie
1046 2955 1127 3019 liliis
1167 2972 1522 3039 presens1263,uov.13.

204 3051 370 3134 scriptum
419 3052 556 3128 visuris,
599 3053 652 3116 vel
692 3051 800 3115 eciam
847 3053 1028 3118 audituris.
1106 3055 1310 3119 Willelmus
1342 3037 1514 3086 &illm

204 3152 368 3224 decanus,
398 3164 431 3215 et
459 3151 659 3234 Capitulum
693 3153 782 3215 beati
817 3153 909 3216 Petri
944 3154 1062 3232 Ebor.,
1094 3156 1241 3219 salutem
1275 3177 1309 3218 rn

207 3250 363 3315 Domino
409 3252 668 3335 sempiternam.
750 3251 896 3316 Nouerit
936 3253 1144 3319 vniuersitas
1183 3267 1307 3331 vestra,

204 3351 298 3434 quod
330 3373 407 3414 cum
441 3353 607 3417 dominus
635 3352 792 3416 Thomas
823 3351 917 3416 filius
948 3353 1078 3430 Briani,
1101 3353 1310 3423 ,Canonicus

204 3451 348 3515 ecclesie
367 3452 521 3535 Rypon',
544 3453 728 3537 religiosos
742 3453 835 3516 viros
849 3453 1022 3516 Abbatem
1041 3467 1073 3517 et
1087 3453 1308 3517 Conuentum

204 3551 247 3615 de
281 3551 451 3616 Fontibus
482 3575 588 3635 super
615 3553 826 3635 quibusdam
859 3551 1003 3616 decimis
1034 3565 1067 3615 et
1100 3555 1201 3617 rebus
1232 3553 1311 3617 aliis

206 3651 492 3732 prouenientibus
520 3653 562 3716 de
590 3652 803 3737 Slenygford
832 3664 866 3714 et
892 3652 934 3715 de
961 3650 1194 3737 Wynkeslay,
1226 3652 1311 3717 locis

206 3750 405 3814 monasterii
451 3752 627 3828 antedicti,
669 3766 701 3815 et
743 3772 849 3834 super
887 3751 1039 3815 decimas
1078 3752 1309 3816 seruiencium

204 3850 374 3914 dictorum
415 3851 563 3915 Abbatis
594 3866 627 3915 et
658 3852 863 3916 Conuentus
894 3852 1189 3916 commorancium
1224 3851 1312 3915 infra

206 3950 333 4014 limites
366 3952 539 4032 prebende
570 3973 632 4016 sue
662 3952 811 4034 predicte
839 3950 1021 4014 occasione
1049 3950 1203 4014 eiusdem
1238 3972 1312 4034 pre-

206 4050 317 4114 bende
343 4050 503 4114 traxisset
531 4051 564 4113 in
594 4072 760 4127 causam3
793 4050 950 4114 Tandem
980 4072 1085 4114 causa
1110 4051 1310 4115 huiusmodi

205 4150 465 4233 composicione
492 4151 666 4215 amicabili
705 4151 918 4233 conquieuit,
955 4165 1056 4233 prout
1088 4151 1121 4213 in
1158 4151 1310 4234 quodam

207 4249 437 4313 instrumento
482 4248 751 4326 confirmatorie,
794 4251 914 4333 sigillo
953 4252 1161 4316 venerabilis
1205 4252 1312 4335 patris

206 4349 385 4414 Godefridi
436 4350 701 4432 Archiepiscopi
759 4351 866 4415 nostri
915 4352 1052 4433 plenius
1102 4352 1307 4416 continetur.

206 4450 321 4535 Quam
369 4450 521 4532 quietam
562 4451 870 4533 composicionem,
915 4451 947 4512 in
988 4465 1157 4533 quantum
1199 4453 1312 4537 tangit

207 4551 416 4632 prebendam
450 4551 591 4633 predicti
624 4551 694 4614 d'ni
727 4551 864 4616 Thome
904 4552 937 4614 in
971 4554 1052 4616 eccl.
1091 4553 1244 4636 Rypon',
1279 4567 1312 4617 et

206 4651 314 4714 eciam
347 4651 527 4714 ecclesiam
563 4651 716 4735 Rypon’,
744 4652 787 4715 ad
818 4652 1022 4716 instanciam
1050 4652 1203 4735 parcium
1231 4675 1312 4717 con-

207 4749 398 4816 firmamus.
462 4752 501 4814 ln
528 4752 628 4816 cuius
653 4751 697 4816 rei
724 4752 961 4817 testimonium
986 4752 1143 4838 sigillum
1169 4753 1310 4837 capituli

1276 3155 1282 3167 .
1364 3116 1434 3164 Will.
1449 3117 1484 3164 de

1363 3181 1490 3230 Testard.
